3117 4950
633 332 847 428 ſsa-

235 545 348 627 possit,
377 492 422 607 et.
436 545 508 627 'ego
537 543 616 626 ipse'
649 546 681 606 et
705 546 750 606 'tu
773 544 851 626 ipse'
876 543 913 606 fit
931 545 971 605 'ut
993 542 1162 627 significet.
1209 542 1254 608 At
1276 545 1305 607 si

239 669 379 747 tertiam,
414 690 484 752 quae
516 690 610 733 suum
637 669 826 733 vocabulum
849 668 1095 733 nonhabet-
1120 691 1196 732 nam
1218 677 1304 754 σφεῖς

241 794 325 876 apud
348 793 547 858 Herodotum
570 794 623 856 vix
649 796 739 864 extra
762 794 937 858 orationem
957 794 1118 876 obliquam
1134 798 1306 877 usurpatur

240 941 299 982 nec
322 918 393 1001 plus
416 940 512 1002 quam
535 919 703 1002 quinquies
726 919 888 982 invenitur
912 956 952 962 -
977 941 1145 1001 personam
1169 922 1305 1002 spectat,

241 1046 310 1127 ejus
336 1065 479 1127 personae
503 1044 732 1126 quodammodo
754 1044 919 1126 proprium
944 1044 1065 1106 factum
1096 1045 1305 1128 significatio-

155 1252 159 1261 θ
241 1191 315 1232 nem
339 1169 375 1231 ’is
398 1169 477 1251 ipse'
503 1169 636 1251 accepit.
689 1167 770 1233 Tum
793 1169 954 1232 interdum
977 1191 1036 1232 usu
1059 1170 1156 1247 venit,
1180 1172 1216 1232 ut
1239 1167 1306 1254 sig·-

241 1292 383 1356 nificatio
419 1294 507 1375 'ipsc'
544 1294 711 1356 admodum
746 1297 915 1359 evanescat
949 1298 981 1358 et
1016 1289 1106 1363 αὑτός
1128 1294 1306 1377 pronomini

242 1418 289 1481 vis
319 1420 399 1503 ego,
430 1422 475 1497 tu,
503 1419 540 1481 is’
565 1419 786 1501 pronominum
809 1419 917 1500 paullo
939 1419 1109 1483 intentiore
1132 1441 1208 1483 voce
1231 1441 1305 1502 pro-

242 1544 458 1608 nuntiaturum
480 1544 649 1608 tribuatur.
700 1542 808 1627 Atque
833 1544 910 1607 adeo
935 1538 1023 1613 αὐτός
1048 1568 1066 1607 a
1089 1567 1174 1608 mere
1197 1566 1306 1627 perso-

243 1650 343 1732 sonali
376 1669 561 1752 pronomine
596 1668 681 1732 haud
715 1670 761 1731 ita
791 1669 885 1753 longe
917 1671 1027 1733 abesse
1058 1691 1155 1753 quum
1179 1669 1305 1737 aliunde

243 1796 312 1856 tum
340 1816 379 1856 ex
410 1795 599 1877 quibusdam
627 1795 898 1858 enuntiationibus
925 1795 1120 1858 secundariis
1138 1794 1306 1878 colligere,

244 1919 364 2000 opinor,
388 1919 498 1983 licebit
516 1919 536 1983 ¹.
583 1918 646 1982 Pro
668 1920 765 1982 tertia
788 1941 923 2002 persona
947 1915 1015 1981 ὁδὲ
1038 1920 1198 1982 interdum
1216 1918 1309 1982 adhi-

245 2043 348 2122 betur,
373 2044 400 2107 si
423 2044 552 2127 quidem
574 2044 622 2108 vis
646 2045 783 2127 subjecti
806 2067 868 2107 non
891 2045 986 2107 nimis
1009 2045 1176 2126 premitur.

285 2204 289 2229 l
351 2168 543 2261 Plerumque
566 2169 667 2253 igitur
690 2169 735 2247 fit,
766 2172 801 2232 ut
824 2170 1004 2252 subjectum
1026 2170 1210 2253 pronomine
1234 2190 1308 2252 per-

245 2294 346 2358 sonali
370 2296 515 2358 constans
538 2297 608 2356 tum
630 2296 810 2376 usurpetur,
835 2316 933 2377 quum
955 2296 1057 2377 major
1081 2295 1188 2377 aliqua
1210 2294 1308 2356 visci

245 2399 407 2483 tribuitur.
454 2417 637 2503 Cujusmodi
660 2419 708 2482 vis
732 2420 876 2503 subjecto
900 2419 1027 2483 additur
1050 2421 1105 2483 aut
1127 2422 1195 2482 tum

352 2541 368 2605 l
409 2566 506 2627 quum
541 2545 696 2628 oppositio
730 2545 815 2608 inter
848 2544 907 2608 hoc
942 2545 1122 2628 subjectum
1156 2548 1188 2608 et
1222 2543 1309 2607 aliud

246 2668 405 2752 quoddam
429 2669 662 2732 substantivum
686 2673 796 2753 aperte
820 2670 1008 2746 intercedit3
1035 2673 1089 2732 aut
1112 2674 1181 2732 tum

352 2790 386 2854 ll
420 2815 518 2876 quum
552 2795 731 2876 subjectum
766 2794 1001 2880 enuntiationis,
1036 2794 1124 2857 nulla
1159 2797 1247 2857 certa
1274 2816 1309 2855 re
1405 2865 1407 2870 ,

247 2918 403 2980 contrarie
426 2918 537 2996 relata,
566 2921 675 2981 tamen
697 2920 848 2982 orationis
872 2921 1005 2983 accentu
1029 2921 1061 2982 et
1083 2919 1115 2983 vi
1132 2918 1308 3000 locupleta-

181 3129 186 3148 Χ
247 3046 316 3105 tum
338 3043 578 3126 pronuntiatur;

354 3164 404 3229 lll
433 3168 528 3231 tertio
551 3167 620 3231 loco
643 3190 681 3231 ea
703 3169 795 3251 posui
820 3169 976 3250 exempla,
1000 3169 1034 3231 in
1057 3169 1172 3251 quibus
1195 3190 1310 3250 prono-

247 3292 341 3355 minis
364 3295 431 3355 tam
455 3293 571 3376 exigua
595 3295 643 3356 est
666 3294 724 3372 vis,
754 3296 790 3356 ut
821 3294 889 3356 sine
912 3294 1033 3384 injuria
1050 3294 1154 3357 omitti
1169 3293 1311 3377 potuisse

248 3417 406 3481 videatur.

354 3538 380 3604 l.
420 3540 523 3616 Quum
548 3543 667 3642 aliquid
691 3546 801 3627 aperte
820 3519 1000 3626 opponitur,
1015 3565 1066 3606 res
1083 3543 1241 3607 contraria
1257 3544 1314 3604 aut
1431 3603 1440 3612 ,

357 3662 403 3728 la
427 3666 531 3730 verbis
556 3667 673 3730 diserte
697 3668 817 3750 scripta
842 3671 906 3745 est3
932 3670 986 3730 aut

249 3860 462 3871 ——nn--n-n

363 3984 439 4039 ¹cfr
458 3983 573 4055 Krdger‚
593 3987 606 4039 l
626 3985 641 4052 ἕ
661 3987 702 4039 51.
732 3987 753 4039 Ι.
775 3988 798 4040 1.
827 3988 859 4039 Α.
880 3986 903 4039 3.
