3117 4950
715 378 887 477 --30-v

266 552 415 627 έσσοιθείς
439 560 491 640 μὲν
517 558 758 639 προσαπολλάεις
783 567 882 619 πᾶσαν
906 560 956 642 την
982 554 1089 642 ἀρχήν,
1106 558 1191 622 haud
1207 559 1271 622 sien
1287 581 1328 621 en

266 705 348 763 eum,
373 685 423 748 eui
447 683 515 747 haee
540 682 625 747 dieta
650 687 732 763 sunt,
758 687 848 767 spect
868 688 891 748 t.

372 806 402 869 Α
426 810 500 873 212.
526 811 566 873 13
593 861 600 874 .
626 861 632 873 .
659 859 666 872 .
690 805 775 893 ἥλιον
801 804 947 893 ἐπόμνυμί
971 830 1014 870 τοι
1038 811 1086 871 τὸν
1103 806 1327 887 Μασσαγετέων

267 933 423 1020 δεσπότην,
447 931 466 1019 ἧ
491 939 545 1018 μέν
570 956 603 995 σε
628 931 685 1013 ἐγὼ
709 937 762 996 ιιαὶ
788 933 939 1020 ἄπληστον
955 933 1042 998 ἐόντα
1059 931 1186 1017 αἵματος
1201 930 1327 1016 κορέσω,

265 1083 326 1144 quo
360 1061 428 1124 lece
463 1055 518 1132 τοί,
552 1082 649 1143 quum
674 1054 705 1123 et
729 1062 815 1144 apud
838 1061 1035 1126 Herodotum
1059 1065 1091 1124 et
1115 1061 1198 1143 apud
1223 1059 1328 1124 Xeno-

265 1186 417 1269 phontem
442 1183 613 1267 ’έπομνὺναι
636 1188 689 1247 τινὶ
713 1186 797 1248 θεόν’
822 1187 954 1265 dicatur,
979 1186 1113 1264 dativus,
1137 1186 1255 1269 objecti
1278 1186 1326 1249 vi-

266 1313 354 1376 cibus
378 1311 525 1395 fungens
551 1334 618 1375 esse
641 1316 756 1394 potest.
804 1310 865 1375 Sed
889 1334 986 1394 quum
1010 1307 1044 1372 σέ
1067 1312 1100 1374 111
1124 1311 1329 1394 sequentibus

266 1438 317 1515 sit,
348 1437 387 1501 ed
416 1431 460 1497 τοί
490 1459 547 1520 pro
577 1437 682 1500 ethice
706 1437 813 1501 dativo
836 1438 1056 1520 accipiendum
1080 1437 1202 1500 animus
1225 1437 1328 1521 magis

271 1562 413 1626 inclinet.

373 1683 397 1748 Γ
422 1687 474 1751 62.
500 1688 540 1750 15
570 1682 596 1748 εἰ
628 1691 680 1769 μέν
712 1707 761 1748 νον
786 1682 813 1747 οἱ
836 1687 1000 1757 τεθνεῶτες
1023 1683 1174 1759 ἀνεστᾶσι,
1200 1684 1327 1768 προσδέ-

268 1816 321 1874 κεό
346 1833 390 1873 τοι
413 1813 466 1873 καὶ
490 1808 688 1889 Ἀστυάγεα.
708 1864 714 1876 ,
733 1858 739 1872 .
758 1808 1033 1896 ἐπαναστήσεσθαι.
1074 1813 1203 1890 Dubito,
1222 1815 1329 1875 utrum

267 1934 469 2021 ἐπαναστηναι
493 1937 635 2001 absolute
660 1937 798 2019 pesitum
821 1938 863 2000 sit
886 1960 926 2001 en
950 1959 1022 2001 euin
1045 1932 1089 1997 τοί
1113 1938 1237 2021 objecto
1254 1959 1328 2000 een-

262 2066 424 2147 junetum:
461 2063 482 2126 i.
514 2085 541 2126 e.
571 2065 678 2125 utrum
701 2063 743 2125 sit
765 2063 967 2126 vertendum:
1006 2062 1049 2140 „si
1081 2063 1197 2126 mertui
1220 2084 1324 2125 resur-

266 2192 356 2273 gunt,
375 2188 467 2251 erede
483 2187 544 2251 tibi
560 2187 628 2268 (tue
644 2185 757 2271 regno)
773 2186 940 2271 Astyagen
958 2187 1207 2251 insurrecturum
1225 2189 1324 2263 esse“;

327 2316 339 2343 ‘⁴
369 2365 376 2378 .
403 2364 409 2377 .
436 2365 442 2377 .
465 2316 534 2376 tum
556 2312 698 2395 profecte
722 2313 814 2375 erede
839 2310 1005 2397 Astyagen
1028 2334 1151 2396 queque
1168 2311 1230 2394 (ἐπι
1248 2359 1281 2373 ..
1307 2311 1328 2394 )

266 2336 320 2378 an:

205 2411 207 2414 γ
266 2442 517 2503 resurrecturum
541 2439 640 2502 esse“.
665 2436 735 2502 Ηοο
751 2437 830 2502 mihi
846 2438 1048 2502 verisimilius
1064 2438 1199 2516 videtur,
1217 2460 1328 2522 quam-

266 2587 362 2648 quem
389 2568 559 2647 utrumque
583 2564 688 2628 verbis
712 2565 841 2627 subesse
865 2567 979 2647 petest.
1027 2563 1173 2627 Fortasse
1199 2586 1238 2626 ex
1262 2586 1328 2626 am-

268 2692 366 2775 bigue
390 2691 510 2753 dietum
534 2693 592 2753 est.

373 2811 401 2874 H
426 2816 478 2878 49.
505 2815 545 2878 13
577 2816 628 2875 καὶ
658 2813 694 2898 δη
725 2822 781 2875 τῶν
806 2813 858 2875 δὺο
882 2809 1046 2896 (πολεμίων
1071 2814 1187 2895 neutr.)
1211 2835 1255 2874 τοι
1279 2822 1328 2874 τοῦ

267 2934 551 3022 έτέροοείρημένοι)
575 2941 607 2999 τὸ
632 2936 731 3020 ἕτερον
756 2937 887 3022 ἔρχομαι
910 2934 1009 3021 ἐρέων.
1057 2938 1187 3003 Utrum:
1216 2941 1328 3022 „atque

266 3066 365 3150 igitur
388 3087 427 3128 ex
451 3065 572 3129 duabus
595 3065 655 3128 tibi
678 3065 815 3127 inimicis
839 3065 933 3128 rebus
956 3086 1053 3147 quum
1077 3085 1139 3127 una
1162 3064 1326 3127 nominate

267 3194 324 3267 est,
349 3190 483 3253 alteram
507 3190 647 3253 dicturus
671 3192 780 3266 sum“;
806 3211 859 3253 an:
889 3192 1001 3272 “atque
1025 3190 1126 3273 igitur
1150 3210 1188 3251 ex
1206 3189 1328 3252 duabus

267 3316 408 3398 profecto
432 3292 569 3378 ininrieis
595 3366 600 3378 .
628 3366 634 3378 .
661 3316 710 3379 .“?
756 3313 900 3378 Tertium
924 3315 1059 3398 eogitari
1081 3318 1189 3377 tamen
1211 3317 1326 3397 petest,

267 3435 311 3501 τοί
336 3441 376 3503 ad
400 3434 558 3523 εἰρημένου
582 3440 706 3503 referri.

373 3561 397 3625 e
423 3566 474 3629 65.
500 3565 540 3628 26
571 3560 606 3648 ἢν
638 3567 694 3645 γάρ
726 3586 769 3626 τοι
794 3562 826 3634 ’ές
850 3560 979 3646 βασιλέα
1003 3560 1168 3647 ἀνενειχθῇ
1193 3564 1229 3624 τὰ
1253 3562 1329 3626 ’έπεα

265 3698 367 3763 ταῦτα,
403 3685 585 3770 ἀποβαλέεις
614 3692 665 3774 την
694 3690 841 3775 κεφαλήν,
873 3690 956 3772 quod
978 3690 1060 3752 verti
1083 3690 1203 3771 potest:
1232 3690 1327 3771 “pre-

266 3816 359 3893 fectu
384 3816 411 3878 si
433 3814 502 3878 haee
526 3815 624 3878 verba
648 3816 717 3898 regi
741 3817 869 3878 narrata
893 3818 1006 3878 erunt.
1025 3865 1032 3878 .
1051 3816 1091 3893 .“;
1115 3817 1170 3878 sed
1187 3815 1232 3877 sie
1250 3837 1328 3898 quo-

267 3963 343 4024 que:
373 3942 416 4019 „si
440 3940 509 4004 haee
532 3943 587 4003 tua
610 3941 708 4003 verbe
727 3990 733 4002 .
752 3991 758 4004 .
778 3942 817 4004 .“.
864 3938 926 4002 Sed
949 3933 994 4000 τοί
1017 3963 1036 4003 a
1058 3941 1163 4004 verbis
1189 3941 1235 4000 ’τὰ
1251 3937 1329 4000 ’έπεα
