3117 4950
757 411 930 475 ..ηρ-

311 594 454 675 sumpta:
486 590 572 655 Hell.
597 588 654 655 IV.
680 591 696 654 1
722 590 741 672 ὅ
766 592 808 654 35
834 643 841 655 .
868 642 874 656 ,
901 643 907 655 .
933 588 1028 661 ἔξεστί
1052 611 1099 652 σοι
1124 639 1130 651 .
1157 638 1163 652 .
1190 638 1197 652 .
1222 593 1273 677 [ip
1297 612 1376 673 καρ-

310 716 456 799 ποῦμενον
487 716 524 776 τά
548 711 673 788 ἑαυτοῦ;
710 715 758 778 cfr
781 714 913 780 Oeoom.
933 715 972 780 X.
997 717 1033 793 53
1069 715 1183 799 Cyrop.
1207 713 1233 782 Ι.
1258 717 1288 781 9.
1313 718 1374 794 35;

309 836 367 905 Vl.
391 843 422 905 3.
447 841 506 919 27;
532 839 650 905 Oomm.
676 838 701 905 I.
726 841 756 905 4.
783 841 818 918 93
844 838 886 905 ll.
913 841 942 905 1.
967 842 1083 918 3036.
1108 842 1160 905 35.

416 961 586 1026 Ἓωυτιῦν
610 988 668 1049 pro
691 960 885 1050 ἡμέτερος
909 960 1048 1029 αῦτιῦνι
1065 970 1119 1036 τάς
1135 987 1164 1027 τε
1182 963 1296 1028 ἑωυτῶν
1314 987 1375 1050 μη-

309 1084 398 1172 τέρας
422 1091 474 1150 καί
498 1091 552 1159 τάς
576 1086 730 1176 ἀδελφεὰς
754 1087 1035 1174 ἐπιδαψιλευόμεθα
1058 1087 1125 1174 υμῖν
1150 1087 1174 1151 Ε
1199 1091 1350 1156 20.181.

414 1202 542 1301 Σιρὲων
581 1210 702 1277 αὐτῶν
736 1238 795 1298 pro
830 1211 954 1299 ὑμέων
987 1211 1126 1279 αῦτῦνε
1152 1210 1236 1278 αὐτοὶ
1259 1224 1372 1298 πρῶτοι

308 1340 447 1421 τῦραννον
471 1342 734 1425 καταστησάμενοι
757 1341 840 1423 παρὰ
864 1344 947 1427 optor
971 1335 1096 1415 αὐτοῖσι,
1121 1335 1197 1403 οὕτω
1220 1342 1273 1402 καὶ
1296 1350 1374 1403 τοῖσι

309 1461 430 1526 ἄλλοισι
455 1460 580 1549 δίζησθε
603 1469 780 1528 κατιστάναι
804 1462 829 1526 Ε
854 1467 894 1530 92
908 1465 942 1548 α)
966 1466 1020 1531 9².

309 1660 520 1671 ———-—.-—

418 1776 426 1803 ¹
445 1779 493 1838 τὰς
512 1777 632 1848 μητέρας
650 1775 695 1827 καὶ
714 1774 848 1847 ἀδελφεὰς
866 1778 965 1833 Suidas
985 1782 1013 1834 et
1032 1779 1169 1833 Antonius
1188 1779 1349 1833 Monachus,

417 1865 548 1923 'Praeter
574 1868 632 1933 hos,
659 1885 741 1936 quos¹
756 1886 839 1937 supra
865 1868 987 1931 laudavi,
1015 1869 1083 1923 duos
1110 1869 1185 1923 locos
1205 1867 1302 1918 ἑωυτοῦ
1320 1885 1372 1936 pro

308 1954 440 2026 ἐμεωυτοῦ
460 1961 489 2012 et
508 1961 620 2009 σεωυτοῦ
638 1956 714 2012 haud
733 1957 775 2012 ita
794 1975 856 2012 raro
875 1956 987 2012 varians
1006 1962 1049 2012 est
1067 1958 1165 2013 lectio:

414 2054 443 2114 n)
462 2065 511 2116 pro
532 2045 672 2116 ἐμεωυτοῦ.
711 2044 731 2096 Δ
751 2049 794 2102 97.
816 2049 848 2100 19
867 2044 928 2097 τάδε
947 2044 1034 2117 λὲηειν
1054 2044 1122 2117 φαίη
1142 2064 1181 2107 τις
1201 2044 1232 2097 ἄν
1255 2064 1286 2116 με
1307 2045 1372 2115 ἐμε-

308 2142 391 2188 ωυτοῦ
411 2133 516 2198 εἵνεκεν,
540 2136 589 2190 ubi
611 2135 640 2190 in
659 2137 801 2191 nonnullis
820 2135 900 2190 libris
918 2137 966 2191 MS
986 2136 1083 2188 ἑωυτοῦ
1103 2141 1159 2201 est;
1179 2133 1204 2187 H
1223 2138 1264 2191 28.
1284 2138 1301 2190 4
1320 2136 1371 2207 τὴν

308 2224 440 2295 ἐμεωυτοῦ
465 2222 566 2295 οῦσίην,
589 2226 639 2281 ubi
657 2226 779 2281 Steiuius
798 2226 848 2281 ille
867 2225 979 2295 quidem
997 2226 1070 2280 nihil
1089 2227 1123 2281 de
1142 2227 1195 2281 hae
1213 2227 1372 2282 variatione

306 2315 458 2371 lectionum
481 2315 637 2379 annotavit,
662 2316 709 2370 sed
733 2316 882 2384 probatum
901 2315 1025 2384 aliquem
1044 2316 1167 2371 codicem
1187 2315 1284 2367 ἑωυτοῦ
1302 2333 1372 2385 prae·

307 2406 378 2460 ferre
396 2405 466 2459 dicit
485 2403 760 2474 Schweighaeuserus

413 2493 439 2564 β)
468 2511 517 2565 pro
546 2499 668 2547 σεωυτοῦ.
697 2492 723 2545 A
749 2497 807 2550 108.
836 2496 867 2549 17
886 2493 953 2563 λάβε
973 2496 1017 2546 τὸν
1036 2492 1169 2565 Μανδάνη
1190 2492 1259 2546 ἔτεκε
1279 2492 1371 2556 παῖδα,

307 2583 393 2654 φέρων
413 2581 440 2634 δὲ
460 2582 487 2644 ἐς
505 2590 618 2636 σεωυτοῦ
638 2583 805 2648 &uomentem
825 2583 923 2636 ἑωυτοῦ
943 2585 1022 2639 CRdz
1042 2581 1182 2640 exhibent.
1202 2582 1223 2634 Γ
1242 2585 1283 2639 36.
1304 2586 1320 2638 5
1339 2585 1370 2635 σὺ

307 2671 334 2724 δὲ
353 2671 461 2733 κτείνεις
480 2676 528 2743 μὲν
548 2671 647 2744 ἄνδρας
666 2680 779 2725 σεωυτοῦ
798 2657 929 2744 πολιήτας
948 2694 1008 2737 ...3
1028 2675 1113 2730 codex
1132 2675 1157 2727 R
1176 2673 1287 2737 ἑωυτοῦ;
1301 2674 1370 2728 ihm

307 2764 402 2835 paullo
421 2764 496 2819 infra
514 2770 564 2834 τῆς
584 2769 698 2815 σεωυτοῦ
717 2761 850 2833 πατρίδος,
869 2782 918 2834 pro
937 2783 993 2833 qua
1006 2764 1125 2819 lectione
1139 2764 1159 2819 C
1173 2764 1258 2818 codex
1271 2762 1369 2814 ἑωυτοῦ

308 2852 429 2908 exhibet.

412 2944 508 3011 Neque
527 2943 611 2998 aliter
629 2961 671 2999 res
690 2943 832 3008 sehabet,
852 2942 900 2997 ubi
914 2960 930 2997 a
943 2942 1034 3013 prims
1046 2943 1082 2996 ad
1095 2943 1209 2998 tertiam
1223 2960 1369 3012 personam

306 3036 431 3088 transeat
444 3032 533 3087 oratio
547 3032 688 3098 Herodoti,
703 3028 769 3087 utH
782 3034 840 3087 102.
852 3034 868 3085 2
882 3030 998 3100 βασιλεῦ,
1012 3028 1103 3101 ἐπειδὴ
1118 3017 1239 3101 ἀληθείη
1251 3029 1368 3101 διαχρή-

304 3121 406 3174 unetos
423 3121 527 3181 πάντως
547 3139 582 3190 με
601 3119 716 3182 κελεύεις
734 3128 817 3173 ταῦτα
835 3119 948 3191 λέγοντα
960 3122 993 3171 τὰ
1007 3120 1046 3191 μὴ
1062 3117 1223 3190 ψευδόμενός
1236 3137 1273 3181 τις
1289 3119 1365 3172 ὅστε-

306 3229 351 3282 ρον
370 3208 417 3262 ὑπὸ
437 3217 480 3263 σεῦ
500 3210 641 3272 ἁλώσεται,
659 3211 708 3266 ubi
727 3211 769 3281 μέ,
788 3212 861 3280 quod
880 3212 942 3265 PRz
961 3212 1075 3276 habent,
1094 3210 1197 3266 retinet
1211 3211 1367 3276 Abiehtius

306 3301 414 3370 expulit
433 3301 563 3356 Steinius.

410 3390 569 3461 Vestigium
602 3391 676 3445 haud
704 3390 849 3445 dissimilis
876 3408 1055 3460 personarum
1082 3390 1296 3459 permutationis
1315 3391 1369 3445 hoo

305 3480 365 3536 looo
393 3480 527 3535 remansit
555 3478 575 3530 Γ
595 3482 636 3535 71.
657 3481 691 3535 24
719 3478 789 3532 ἀλλά
815 3498 882 3549 σφεα
906 3477 985 3541 αὐτὸς
1010 3478 1062 3550 ἐγὼ
1082 3478 1209 3550 κατερέω,
1228 3479 1276 3535 ubi
1294 3480 1324 3533 in
1343 3481 1368 3533 R-

305 3571 364 3625 solo
391 3569 463 3625 libro
492 3568 560 3639 σφὲα
588 3570 668 3634 inest,
698 3570 783 3625 ceteri
812 3573 905 3625 nutem
929 3588 1023 3626 omnes
1041 3567 1113 3620 ἀλλά
1131 3586 1215 3639 opens
1233 3571 1277 3625 vel
1297 3566 1368 3619 ἀλλὰ

305 3659 387 3730 ορὲας
405 3660 511 3714 habent
529 3659 547 3712 i.
567 3677 589 3715 e.
609 3676 708 3714 nomen
728 3662 879 3714 vestrum
898 3659 1028 3714 deferam.

410 3748 560 3804 Nonnullis
585 3748 652 3803 locis
676 3748 943 3818 Schweighaensems
966 3744 1044 3808 αὐτὸς
1068 3750 1163 3805 eodem
1182 3749 1264 3804 modo
1282 3748 1367 3804 inter·

304 3842 438 3909 pretatur,
462 3843 500 3896 ut.
526 3838 579 3893 etsi
598 3856 748 3908 pronomen
766 3856 841 3893 mere
859 3839 1004 3908 personale
1023 3842 1073 3901 est.
1093 3843 1188 3894 tamen
1206 3839 1249 3892 ris
1267 3838 1364 3909 primae

305 3933 333 3983 et
360 3928 486 3984 secundus
513 3946 636 3998 personae
664 3928 690 3982 ei
714 3929 862 3983 tribuatur.
900 3930 944 3983 lta
965 3925 984 3978 Γ
1003 3930 1045 3981 52.
1067 3930 1099 3983 16
1119 3923 1153 3992 (εἰ
1172 3927 1222 3998 ηάρ
1242 3946 1280 3989 τις
1299 3945 1366 3997 ευμ-

305 4017 376 4088 ηορὴ
406 4015 432 4069 ἐν
461 4014 560 4068 αὑτοῖσι
587 4015 692 4087 γέγονε)
712 4017 783 4072 dicit
802 4015 828 4068 ὲν
848 4014 947 4068 αὐτοῖσι
966 4016 1040 4072 idem
1059 4021 1220 4086 essentque
1241 4015 1366 4087 ὲνήμῑν;

305 4112 335 4163 at
353 4107 501 4163 Abiohtius
520 4112 549 4164 et
567 4107 689 4163 Steinius
709 4106 735 4158 ἓν
756 4104 855 4158 αὐτοῖσι
875 4129 906 4151 =
927 4111 992 4158 τοῖσι
1010 4105 1149 4177 πρήγμασι
1168 4107 1317 4178 accipiunt.
1333 4137 1364 4146 -
