<?xml version="1.0" encoding="UTF-8"?>
<!DOCTYPE html PUBLIC "-//W3C//DTD XHTML 1.0 Transitional//EN"
    "http://www.w3.org/TR/xhtml1/DTD/xhtml1-transitional.dtd">
<html xmlns="http://www.w3.org/1999/xhtml" xml:lang="en" lang="en">
 <head>
  <title>
</title>
<meta http-equiv="Content-Type" content="text/html;charset=utf-8" />
  <meta name='ocr-system' content='tesseract 3.04.00' />
  <meta name='ocr-capabilities' content='ocr_page ocr_carea ocr_par ocr_line ocrx_word'/>
</head>
<body>
  <div class='ocr_page' id='page_1' title='image "./deusupronominum00ekedgoog_0018.png"; bbox 0 0 3117 4950; ppageno 0'>
   <div class='ocr_carea' id='block_1_1' title="bbox 712 386 885 449">
    <p class='ocr_par' dir='ltr' id='par_1_1' title="bbox 712 386 885 449">
     <span class='ocr_line' id='line_1_1' title="bbox 712 386 885 449; baseline 0 -19"><span class='ocrx_word' id='word_1_1' title='bbox 712 386 885 449; x_wconf 67' lang='grc' dir='ltr'>,ιρ-</span> 
     </span>
    </p>
   </div>
   <div class='ocr_carea' id='block_1_2' title="bbox 264 550 1326 649">
    <p class='ocr_par' dir='ltr' id='par_1_2' title="bbox 264 550 1326 649">
     <span class='ocr_line' id='line_1_2' title="bbox 264 550 1326 649; baseline -0.001 -22"><span class='ocrx_word' id='word_1_2' title='bbox 264 565 382 649; x_wconf 85' lang='lat' dir='ltr'>duplex</span> <span class='ocrx_word' id='word_1_3' title='bbox 407 569 455 629; x_wconf 84' lang='lat' dir='ltr'>est</span> <span class='ocrx_word' id='word_1_4' title='bbox 478 565 643 647; x_wconf 81' lang='lat' dir='ltr'>oppositio,</span> <span class='ocrx_word' id='word_1_5' title='bbox 668 568 700 627; x_wconf 89' lang='lat' dir='ltr'>et</span> <span class='ocrx_word' id='word_1_6' title='bbox 723 564 808 627; x_wconf 88' lang='lat' dir='ltr'>inter</span> <span class='ocrx_word' id='word_1_7' title='bbox 831 564 1010 646; x_wconf 85' lang='lat' dir='ltr'>subjeetum</span> <span class='ocrx_word' id='word_1_8' title='bbox 1034 566 1066 627; x_wconf 90' lang='lat' dir='ltr'>et</span> <span class='ocrx_word' id='word_1_9' title='bbox 1086 550 1246 647; x_wconf 84' lang='lat' dir='ltr'>objectum</span> <span class='ocrx_word' id='word_1_10' title='bbox 1262 565 1326 626; x_wconf 87' lang='lat' dir='ltr'>sin-</span> 
     </span>
    </p>
   </div>
   <div class='ocr_carea' id='block_1_3' title="bbox 266 688 1326 896">
    <p class='ocr_par' dir='ltr' id='par_1_3' title="bbox 266 688 1326 896">
     <span class='ocr_line' id='line_1_3' title="bbox 266 688 1326 774; baseline -0.002 -21"><span class='ocrx_word' id='word_1_11' title='bbox 266 689 415 774; x_wconf 83' lang='lat' dir='ltr'>gularum</span> <span class='ocrx_word' id='word_1_12' title='bbox 449 689 679 752; x_wconf 82' lang='lat' dir='ltr'>sententiarum</span> <span class='ocrx_word' id='word_1_13' title='bbox 713 692 745 751; x_wconf 86' lang='lat' dir='ltr'>et</span> <span class='ocrx_word' id='word_1_14' title='bbox 780 690 863 752; x_wconf 86' lang='lat' dir='ltr'>inter</span> <span class='ocrx_word' id='word_1_15' title='bbox 897 689 967 771; x_wconf 86' lang='lat' dir='ltr'>ipsa</span> <span class='ocrx_word' id='word_1_16' title='bbox 1001 689 1146 772; x_wconf 84' lang='lat' dir='ltr'>subjecta</span> <span class='ocrx_word' id='word_1_17' title='bbox 1179 711 1237 771; x_wconf 87' lang='lat' dir='ltr'>per</span> <span class='ocrx_word' id='word_1_18' title='bbox 1269 688 1326 770; x_wconf 87' lang='lat' dir='ltr'>se);</span> 
     </span>
     <span class='ocr_line' id='line_1_4' title="bbox 266 810 1021 896; baseline 0.004 -22"><span class='ocrx_word' id='word_1_19' title='bbox 266 810 296 874; x_wconf 92' lang='lat' dir='ltr'><strong>A</strong></span> <span class='ocrx_word' id='word_1_20' title='bbox 322 814 465 892; x_wconf 83' lang='grc'><strong>111.14;</strong></span> <span class='ocrx_word' id='word_1_21' title='bbox 491 810 514 874; x_wconf 93' lang='grc' dir='ltr'><strong>Γ</strong></span> <span class='ocrx_word' id='word_1_22' title='bbox 540 814 613 878; x_wconf 82' lang='grc'><strong>142.</strong></span> <span class='ocrx_word' id='word_1_23' title='bbox 640 813 690 891; x_wconf 84' lang='grc'>15;</span> <span class='ocrx_word' id='word_1_24' title='bbox 717 814 791 877; x_wconf 81' lang='grc'>155.</span> <span class='ocrx_word' id='word_1_25' title='bbox 817 814 868 890; x_wconf 88' lang='grc'>17;</span> <span class='ocrx_word' id='word_1_26' title='bbox 892 813 1021 896; x_wconf 84' lang='lat' dir='ltr'>passim.</span> 
     </span>
    </p>
   </div>
   <div class='ocr_carea' id='block_1_4' title="bbox 375 931 1328 1023">
    <p class='ocr_par' dir='ltr' id='par_1_4' title="bbox 375 931 1328 1023">
     <span class='ocr_line' id='line_1_5' title="bbox 375 931 1328 1023; baseline 0 -25"><span class='ocrx_word' id='word_1_27' title='bbox 375 948 414 1020; x_wconf 76' lang='grc' dir='ltr'>τήν</span> <span class='ocrx_word' id='word_1_28' title='bbox 446 937 478 999; x_wconf 84' lang='grc' dir='ltr'>δὲ</span> <span class='ocrx_word' id='word_1_29' title='bbox 503 933 519 1001; x_wconf 87' lang='lat'>6</span> <span class='ocrx_word' id='word_1_30' title='bbox 544 937 657 1019; x_wconf 81' lang='grc' dir='ltr'>δαίμων</span> <span class='ocrx_word' id='word_1_31' title='bbox 682 941 854 1023; x_wconf 71' lang='grc' dir='ltr'>προέφαινε,</span> <span class='ocrx_word' id='word_1_32' title='bbox 885 933 926 1006; x_wconf 82' lang='grc' dir='ltr'>ὡς</span> <span class='ocrx_word' id='word_1_33' title='bbox 950 931 1040 1007; x_wconf 77' lang='grc' dir='ltr'>αυτὸς</span> <span class='ocrx_word' id='word_1_34' title='bbox 1064 941 1116 1020; x_wconf 85' lang='grc' dir='ltr'>μὲν</span> <span class='ocrx_word' id='word_1_35' title='bbox 1140 938 1328 1023; x_wconf 70' lang='grc' dir='ltr'>τελευτήσειν</span> 
     </span>
    </p>
   </div>
   <div class='ocr_carea' id='block_1_5' title="bbox 160 1056 1192 1167">
    <p class='ocr_par' dir='ltr' id='par_1_5' title="bbox 160 1056 1192 1167">
     <span class='ocr_line' id='line_1_6' title="bbox 160 1056 1192 1167; baseline 0.005 -45"><span class='ocrx_word' id='word_1_36' title='bbox 160 1154 163 1167; x_wconf 34' lang='lat'><em>¹</em></span> <span class='ocrx_word' id='word_1_37' title='bbox 265 1058 357 1125; x_wconf 72' lang='grc' dir='ltr'>αυτοῦ</span> <span class='ocrx_word' id='word_1_38' title='bbox 382 1064 474 1145; x_wconf 77' lang='grc' dir='ltr'>ταίτή</span> <span class='ocrx_word' id='word_1_39' title='bbox 498 1062 615 1145; x_wconf 82' lang='grc' dir='ltr'>μέλλοι,</span> <span class='ocrx_word' id='word_1_40' title='bbox 639 1058 658 1147; x_wconf 85' lang='grc' dir='ltr'>ή</span> <span class='ocrx_word' id='word_1_41' title='bbox 684 1061 716 1123; x_wconf 86' lang='grc' dir='ltr'>δὲ</span> <span class='ocrx_word' id='word_1_42' title='bbox 741 1056 885 1146; x_wconf 80' lang='grc' dir='ltr'>βασιληίη</span> <span class='ocrx_word' id='word_1_43' title='bbox 911 1114 917 1126; x_wconf 89' lang='grc'><strong>.</strong></span> <span class='ocrx_word' id='word_1_44' title='bbox 944 1114 950 1126; x_wconf 91' lang='grc'><strong>.</strong></span> <span class='ocrx_word' id='word_1_45' title='bbox 977 1059 1038 1127; x_wconf 85' lang='grc' dir='ltr'>,Α</span> <span class='ocrx_word' id='word_1_46' title='bbox 1063 1064 1137 1127; x_wconf 85' lang='grc'>210.</span> <span class='ocrx_word' id='word_1_47' title='bbox 1162 1065 1192 1127; x_wconf 84' lang='grc'>2.</span> 
     </span>
    </p>
   </div>
   <div class='ocr_carea' id='block_1_6' title="bbox 196 1181 1371 4021">
    <p class='ocr_par' dir='ltr' id='par_1_6' title="bbox 266 1181 1329 1503">
     <span class='ocr_line' id='line_1_7' title="bbox 373 1181 1329 1269; baseline -0.001 -21"><span class='ocrx_word' id='word_1_48' title='bbox 373 1188 481 1249; x_wconf 78' lang='grc' dir='ltr'>τουτων</span> <span class='ocrx_word' id='word_1_49' title='bbox 520 1188 557 1247; x_wconf 81' lang='grc' dir='ltr'>τὰ</span> <span class='ocrx_word' id='word_1_50' title='bbox 595 1190 649 1269; x_wconf 86' lang='grc' dir='ltr'>μέν</span> <span class='ocrx_word' id='word_1_51' title='bbox 688 1195 791 1268; x_wconf 80' lang='grc' dir='ltr'>πρῶτα</span> <span class='ocrx_word' id='word_1_52' title='bbox 830 1182 861 1247; x_wconf 78' lang='grc' dir='ltr'>αἱ</span> <span class='ocrx_word' id='word_1_53' title='bbox 900 1181 1073 1255; x_wconf 82' lang='grc' dir='ltr'>Δωδωνίδες</span> <span class='ocrx_word' id='word_1_54' title='bbox 1104 1182 1193 1268; x_wconf 83' lang='grc' dir='ltr'>ἱρεῖαι</span> <span class='ocrx_word' id='word_1_55' title='bbox 1224 1182 1329 1268; x_wconf 79' lang='grc' dir='ltr'>(ἵρειαι</span> 
     </span>
     <span class='ocr_line' id='line_1_8' title="bbox 266 1306 1327 1393; baseline -0.002 -16"><span class='ocrx_word' id='word_1_56' title='bbox 266 1312 410 1393; x_wconf 78' lang='lat' dir='ltr'>Abicht.)</span> <span class='ocrx_word' id='word_1_57' title='bbox 440 1313 570 1390; x_wconf 74' lang='grc' dir='ltr'>λέγουσι,</span> <span class='ocrx_word' id='word_1_58' title='bbox 602 1313 639 1372; x_wconf 80' lang='grc' dir='ltr'>τα</span> <span class='ocrx_word' id='word_1_59' title='bbox 663 1311 694 1373; x_wconf 81' lang='grc' dir='ltr'>δὲ</span> <span class='ocrx_word' id='word_1_60' title='bbox 718 1306 829 1392; x_wconf 70' lang='grc' dir='ltr'>ίστερα</span> <span class='ocrx_word' id='word_1_61' title='bbox 854 1359 860 1371; x_wconf 90' lang='grc'><strong>.</strong></span> <span class='ocrx_word' id='word_1_62' title='bbox 887 1358 893 1372; x_wconf 91' lang='grc'><strong>.</strong></span> <span class='ocrx_word' id='word_1_63' title='bbox 920 1359 927 1371; x_wconf 90' lang='grc'><strong>.</strong></span> <span class='ocrx_word' id='word_1_64' title='bbox 952 1308 1011 1388; x_wconf 72' lang='grc' dir='ltr'>ἐγὼ</span> <span class='ocrx_word' id='word_1_65' title='bbox 1034 1311 1113 1389; x_wconf 70' lang='grc' dir='ltr'>λέγω</span> <span class='ocrx_word' id='word_1_66' title='bbox 1138 1308 1163 1371; x_wconf 89' lang='grc' dir='ltr'>Β</span> <span class='ocrx_word' id='word_1_67' title='bbox 1187 1312 1238 1376; x_wconf 85' lang='grc'>53.</span> <span class='ocrx_word' id='word_1_68' title='bbox 1266 1312 1327 1388; x_wconf 87' lang='grc'>10;</span> 
     </span>
     <span class='ocr_line' id='line_1_9' title="bbox 266 1434 419 1503; baseline 0.026 -5"><span class='ocrx_word' id='word_1_69' title='bbox 266 1434 288 1498; x_wconf 87' lang='grc' dir='ltr'>Ζ</span> <span class='ocrx_word' id='word_1_70' title='bbox 313 1440 342 1503; x_wconf 91' lang='grc'>1.</span> <span class='ocrx_word' id='word_1_71' title='bbox 369 1440 419 1502; x_wconf 79' lang='lat' dir='ltr'>io.</span> 
     </span>
    </p>

    <p class='ocr_par' dir='ltr' id='par_1_7' title="bbox 374 1558 605 1645">
     <span class='ocr_line' id='line_1_10' title="bbox 374 1558 605 1645; baseline 0.004 -22"><span class='ocrx_word' id='word_1_72' title='bbox 374 1558 420 1623; x_wconf 85' lang='grc' dir='ltr'>Δέ</span> <span class='ocrx_word' id='word_1_73' title='bbox 445 1564 513 1626; x_wconf 88' lang='lat' dir='ltr'>sine</span> <span class='ocrx_word' id='word_1_74' title='bbox 537 1566 605 1645; x_wconf 85' lang='grc' dir='ltr'>μέν</span> 
     </span>
    </p>

    <p class='ocr_par' dir='ltr' id='par_1_8' title="bbox 207 1683 1329 2021">
     <span class='ocr_line' id='line_1_11' title="bbox 373 1683 1327 1772; baseline -0.004 -23"><span class='ocrx_word' id='word_1_75' title='bbox 373 1686 403 1749; x_wconf 84' lang='grc' dir='ltr'>οἳ</span> <span class='ocrx_word' id='word_1_76' title='bbox 424 1688 465 1767; x_wconf 77' lang='lat' dir='ltr'>(ol</span> <span class='ocrx_word' id='word_1_77' title='bbox 489 1686 691 1769; x_wconf 56' lang='lat' dir='ltr'>abubalae</span> <span class='ocrx_word' id='word_1_78' title='bbox 715 1708 764 1769; x_wconf 89' lang='grc' dir='ltr'>μιν</span> <span class='ocrx_word' id='word_1_79' title='bbox 789 1684 969 1757; x_wconf 75' lang='grc' dir='ltr'>ἐξαιτέονται</span> <span class='ocrx_word' id='word_1_80' title='bbox 994 1734 1000 1747; x_wconf 96' lang='grc'><strong><em>.</em></strong></span> <span class='ocrx_word' id='word_1_81' title='bbox 1027 1734 1034 1747; x_wconf 86' lang='grc'><strong>.</strong></span> <span class='ocrx_word' id='word_1_82' title='bbox 1060 1733 1066 1747; x_wconf 91' lang='grc'><strong>.</strong></span> <span class='ocrx_word' id='word_1_83' title='bbox 1091 1683 1180 1772; x_wconf 86' lang='grc' dir='ltr'>ήμεῖς</span> <span class='ocrx_word' id='word_1_84' title='bbox 1204 1685 1261 1748; x_wconf 83' lang='grc' dir='ltr'>δὲ.</span> <span class='ocrx_word' id='word_1_85' title='bbox 1288 1733 1294 1746; x_wconf 86' lang='grc'><em>.</em></span> <span class='ocrx_word' id='word_1_86' title='bbox 1321 1733 1327 1745; x_wconf 94' lang='grc'><em>.</em></span> 
     </span>
     <span class='ocr_line' id='line_1_12' title="bbox 207 1807 1329 1897; baseline 0.001 -24"><span class='ocrx_word' id='word_1_87' title='bbox 207 1839 211 1846; x_wconf 92' lang='grc'><strong><em>·</em></strong></span> <span class='ocrx_word' id='word_1_88' title='bbox 266 1815 315 1874; x_wconf 83' lang='grc' dir='ltr'>τὀν</span> <span class='ocrx_word' id='word_1_89' title='bbox 340 1808 439 1897; x_wconf 83' lang='grc' dir='ltr'>ἱκέτην</span> <span class='ocrx_word' id='word_1_90' title='bbox 464 1859 470 1873; x_wconf 91' lang='grc'><strong>.</strong></span> <span class='ocrx_word' id='word_1_91' title='bbox 490 1859 497 1872; x_wconf 89' lang='grc'><strong>.</strong></span> <span class='ocrx_word' id='word_1_92' title='bbox 516 1859 522 1872; x_wconf 91' lang='grc'><strong>.</strong></span> <span class='ocrx_word' id='word_1_93' title='bbox 543 1807 578 1873; x_wconf 82' lang='lat'>06</span> <span class='ocrx_word' id='word_1_94' title='bbox 594 1812 821 1896; x_wconf 77' lang='grc' dir='ltr'>τετολμήκαμεν</span> <span class='ocrx_word' id='word_1_95' title='bbox 838 1809 988 1873; x_wconf 82' lang='grc' dir='ltr'>ἐκδιδόναι</span> <span class='ocrx_word' id='word_1_96' title='bbox 1013 1807 1040 1871; x_wconf 83' lang='grc' dir='ltr'><strong>Α</strong></span> <span class='ocrx_word' id='word_1_97' title='bbox 1060 1813 1132 1877; x_wconf 84' lang='lat'>159.</span> <span class='ocrx_word' id='word_1_98' title='bbox 1150 1813 1180 1888; x_wconf 78' lang='lat'>43</span> <span class='ocrx_word' id='word_1_99' title='bbox 1208 1812 1258 1875; x_wconf 85' lang='lat'>17.</span> <span class='ocrx_word' id='word_1_100' title='bbox 1278 1812 1329 1887; x_wconf 74' lang='lat'>153</span> 
     </span>
     <span class='ocr_line' id='line_1_13' title="bbox 267 1934 921 2021; baseline 0.002 -21"><span class='ocrx_word' id='word_1_101' title='bbox 267 1937 290 2000; x_wconf 89' lang='grc' dir='ltr'>Γ</span> <span class='ocrx_word' id='word_1_102' title='bbox 316 1941 367 2004; x_wconf 89' lang='grc'>63.</span> <span class='ocrx_word' id='word_1_103' title='bbox 393 1941 412 2002; x_wconf 89' lang='grc'>8</span> <span class='ocrx_word' id='word_1_104' title='bbox 436 1935 508 2021; x_wconf 71' lang='grc' dir='ltr'>(ἐγὼ</span> <span class='ocrx_word' id='word_1_105' title='bbox 533 1986 539 1998; x_wconf 93' lang='grc'>.</span> <span class='ocrx_word' id='word_1_106' title='bbox 567 1986 572 1998; x_wconf 94' lang='grc'>.</span> <span class='ocrx_word' id='word_1_107' title='bbox 599 1984 606 1998; x_wconf 85' lang='grc'><strong>.</strong></span> <span class='ocrx_word' id='word_1_108' title='bbox 631 1934 646 1999; x_wconf 98' lang='lat'>6</span> <span class='ocrx_word' id='word_1_109' title='bbox 671 1937 703 1998; x_wconf 86' lang='grc' dir='ltr'>δέ</span> <span class='ocrx_word' id='word_1_110' title='bbox 728 1958 779 2020; x_wconf 86' lang='grc' dir='ltr'>μοι</span> <span class='ocrx_word' id='word_1_111' title='bbox 803 1937 921 2020; x_wconf 71' lang='grc' dir='ltr'>μάγος).</span> 
     </span>
    </p>

    <p class='ocr_par' dir='ltr' id='par_1_9' title="bbox 196 2056 1333 2775">
     <span class='ocr_line' id='line_1_14' title="bbox 373 2056 1329 2145; baseline -0.003 -21"><span class='ocrx_word' id='word_1_112' title='bbox 373 2066 405 2125; x_wconf 86' lang='grc' dir='ltr'>τὸ</span> <span class='ocrx_word' id='word_1_113' title='bbox 430 2062 462 2124; x_wconf 85' lang='grc' dir='ltr'>δὲ</span> <span class='ocrx_word' id='word_1_114' title='bbox 487 2060 545 2124; x_wconf 80' lang='grc' dir='ltr'>ἀπὸ</span> <span class='ocrx_word' id='word_1_115' title='bbox 570 2064 677 2123; x_wconf 80' lang='grc' dir='ltr'>τουτων</span> <span class='ocrx_word' id='word_1_116' title='bbox 702 2064 734 2122; x_wconf 82' lang='grc' dir='ltr'>τὸ</span> <span class='ocrx_word' id='word_1_117' title='bbox 757 2062 930 2143; x_wconf 76' lang='grc' dir='ltr'>κατίπερθε</span> <span class='ocrx_word' id='word_1_118' title='bbox 956 2058 1125 2145; x_wconf 77' lang='grc' dir='ltr'>Ἰσσηδόνες</span> <span class='ocrx_word' id='word_1_119' title='bbox 1149 2056 1206 2122; x_wconf 77' lang='grc' dir='ltr'>εἰσί</span> <span class='ocrx_word' id='word_1_120' title='bbox 1231 2056 1260 2122; x_wconf 86' lang='grc' dir='ltr'>σί</span> <span class='ocrx_word' id='word_1_121' title='bbox 1276 2061 1329 2121; x_wconf 90' lang='grc' dir='ltr'>λέ-</span> 
     </span>
     <span class='ocr_line' id='line_1_15' title="bbox 196 2183 1333 2269; baseline -0.005 -17"><span class='ocrx_word' id='word_1_122' title='bbox 196 2214 199 2231; x_wconf 86' lang='grc'><em>·</em></span> <span class='ocrx_word' id='word_1_123' title='bbox 266 2211 368 2268; x_wconf 78' lang='grc' dir='ltr'>γοντες</span> <span class='ocrx_word' id='word_1_124' title='bbox 393 2238 399 2250; x_wconf 91' lang='grc'><strong>.</strong></span> <span class='ocrx_word' id='word_1_125' title='bbox 426 2236 432 2249; x_wconf 96' lang='grc'><em>.</em></span> <span class='ocrx_word' id='word_1_126' title='bbox 459 2235 465 2249; x_wconf 90' lang='grc'><strong>.</strong></span> <span class='ocrx_word' id='word_1_127' title='bbox 490 2189 573 2269; x_wconf 82' lang='grc' dir='ltr'>παρὰ</span> <span class='ocrx_word' id='word_1_128' title='bbox 604 2187 636 2248; x_wconf 84' lang='grc' dir='ltr'>δὲ</span> <span class='ocrx_word' id='word_1_129' title='bbox 667 2188 774 2248; x_wconf 73' lang='grc' dir='ltr'>τοίυτων</span> <span class='ocrx_word' id='word_1_130' title='bbox 803 2183 923 2247; x_wconf 74' lang='grc' dir='ltr'>Σκυθαι</span> <span class='ocrx_word' id='word_1_131' title='bbox 946 2186 1174 2267; x_wconf 81' lang='grc' dir='ltr'>παραλαβόντες</span> <span class='ocrx_word' id='word_1_132' title='bbox 1198 2186 1333 2263; x_wconf 70' lang='grc' dir='ltr'>λέγουσι..</span> 
     </span>
     <span class='ocr_line' id='line_1_16' title="bbox 266 2309 1329 2397; baseline -0.003 -21"><span class='ocrx_word' id='word_1_133' title='bbox 266 2316 350 2397; x_wconf 82' lang='grc' dir='ltr'>παρὰ</span> <span class='ocrx_word' id='word_1_134' title='bbox 374 2313 406 2376; x_wconf 83' lang='grc' dir='ltr'>δέ</span> <span class='ocrx_word' id='word_1_135' title='bbox 431 2310 574 2375; x_wconf 75' lang='grc' dir='ltr'>Σκυθέων</span> <span class='ocrx_word' id='word_1_136' title='bbox 597 2309 686 2397; x_wconf 84' lang='grc' dir='ltr'>ήμεῖς</span> <span class='ocrx_word' id='word_1_137' title='bbox 709 2309 737 2373; x_wconf 83' lang='grc' dir='ltr'>οἱ</span> <span class='ocrx_word' id='word_1_138' title='bbox 761 2310 850 2374; x_wconf 82' lang='grc' dir='ltr'>ἄλλοι</span> <span class='ocrx_word' id='word_1_139' title='bbox 874 2314 1071 2394; x_wconf 77' lang='grc' dir='ltr'>νενομίκαμεν</span> <span class='ocrx_word' id='word_1_140' title='bbox 1095 2311 1163 2391; x_wconf 87' lang='lat' dir='ltr'>(ubi</span> <span class='ocrx_word' id='word_1_141' title='bbox 1180 2311 1329 2375; x_wconf 82' lang='lat' dir='ltr'>contrarii</span> 
     </span>
     <span class='ocr_line' id='line_1_17' title="bbox 267 2436 1329 2525; baseline -0.006 -20"><span class='ocrx_word' id='word_1_142' title='bbox 267 2440 388 2525; x_wconf 84' lang='lat' dir='ltr'>aliquid</span> <span class='ocrx_word' id='word_1_143' title='bbox 422 2440 495 2503; x_wconf 87' lang='lat' dir='ltr'>inde</span> <span class='ocrx_word' id='word_1_144' title='bbox 530 2439 640 2522; x_wconf 82' lang='lat' dir='ltr'>oritur,</span> <span class='ocrx_word' id='word_1_145' title='bbox 676 2439 759 2521; x_wconf 88' lang='lat' dir='ltr'>quod</span> <span class='ocrx_word' id='word_1_146' title='bbox 781 2438 815 2501; x_wconf 87' lang='lat' dir='ltr'>in</span> <span class='ocrx_word' id='word_1_147' title='bbox 840 2438 1062 2515; x_wconf 75' lang='lat' dir='ltr'>enumerando,</span> <span class='ocrx_word' id='word_1_148' title='bbox 1096 2437 1150 2520; x_wconf 90' lang='lat' dir='ltr'>qui</span> <span class='ocrx_word' id='word_1_149' title='bbox 1174 2436 1329 2520; x_wconf 85' lang='lat' dir='ltr'>aquibus</span> 
     </span>
     <span class='ocr_line' id='line_1_18' title="bbox 267 2563 1329 2648; baseline -0.005 -19"><span class='ocrx_word' id='word_1_150' title='bbox 267 2590 335 2638; x_wconf 81' lang='lat' dir='ltr'>rem</span> <span class='ocrx_word' id='word_1_151' title='bbox 368 2567 519 2630; x_wconf 72' lang='lat' dir='ltr'>traditam</span> <span class='ocrx_word' id='word_1_152' title='bbox 555 2565 746 2648; x_wconf 79' lang='lat' dir='ltr'>acceperint,</span> <span class='ocrx_word' id='word_1_153' title='bbox 782 2565 938 2647; x_wconf 76' lang='lat' dir='ltr'>posterius</span> <span class='ocrx_word' id='word_1_154' title='bbox 973 2564 1117 2646; x_wconf 90' lang='lat' dir='ltr'>quodque</span> <span class='ocrx_word' id='word_1_155' title='bbox 1149 2563 1329 2646; x_wconf 84' lang='lat' dir='ltr'>subjeetum</span> 
     </span>
     <span class='ocr_line' id='line_1_19' title="bbox 265 2687 811 2775; baseline -0.005 -20"><span class='ocrx_word' id='word_1_156' title='bbox 265 2692 425 2775; x_wconf 83' lang='lat' dir='ltr'>prioribus</span> <span class='ocrx_word' id='word_1_157' title='bbox 449 2689 630 2773; x_wconf 80' lang='lat' dir='ltr'>opponitur)</span> <span class='ocrx_word' id='word_1_158' title='bbox 654 2687 679 2750; x_wconf 84' lang='lat' dir='ltr'><strong>A</strong></span> <span class='ocrx_word' id='word_1_159' title='bbox 703 2690 755 2753; x_wconf 83' lang='lat'>27.</span> <span class='ocrx_word' id='word_1_160' title='bbox 781 2691 811 2753; x_wconf 82' lang='lat'>2.</span> 
     </span>
    </p>

    <p class='ocr_par' dir='ltr' id='par_1_10' title="bbox 264 2795 1371 3773">
     <span class='ocr_line' id='line_1_20' title="bbox 371 2795 1371 2896; baseline -0.004 -20"><span class='ocrx_word' id='word_1_161' title='bbox 371 2811 495 2896; x_wconf 81' lang='grc' dir='ltr'>Κροῖσε.</span> <span class='ocrx_word' id='word_1_162' title='bbox 526 2817 570 2884; x_wconf 84' lang='grc' dir='ltr'>τίς</span> <span class='ocrx_word' id='word_1_163' title='bbox 600 2835 633 2875; x_wconf 90' lang='grc' dir='ltr'>οε</span> <span class='ocrx_word' id='word_1_164' title='bbox 662 2811 829 2895; x_wconf 72' lang='grc' dir='ltr'>ἀνθρώπων</span> <span class='ocrx_word' id='word_1_165' title='bbox 854 2810 1000 2891; x_wconf 72' lang='grc' dir='ltr'>ἀνέγνωσε</span> <span class='ocrx_word' id='word_1_166' title='bbox 1026 2809 1074 2874; x_wconf 79' lang='grc' dir='ltr'>ἐπὶ</span> <span class='ocrx_word' id='word_1_167' title='bbox 1099 2821 1152 2896; x_wconf 64' lang='grc' dir='ltr'>μήν</span> <span class='ocrx_word' id='word_1_168' title='bbox 1177 2815 1228 2895; x_wconf 82' lang='grc' dir='ltr'>τήν</span> <span class='ocrx_word' id='word_1_169' title='bbox 1253 2807 1327 2896; x_wconf 80' lang='grc' dir='ltr'>ἐμήν</span> <span class='ocrx_word' id='word_1_170' title='bbox 1363 2795 1371 2814; x_wconf 69' lang='grc'><strong>“</strong></span> 
     </span>
     <span class='ocr_line' id='line_1_21' title="bbox 264 2932 1330 3023; baseline -0.007 -21"><span class='ocrx_word' id='word_1_171' title='bbox 264 2943 519 3023; x_wconf 77' lang='grc' dir='ltr'>στρατευσάμενον</span> <span class='ocrx_word' id='word_1_172' title='bbox 545 2940 686 3022; x_wconf 85' lang='grc' dir='ltr'>πολέμιον</span> <span class='ocrx_word' id='word_1_173' title='bbox 712 2987 718 3000; x_wconf 92' lang='grc'><strong><em>.</em></strong></span> <span class='ocrx_word' id='word_1_174' title='bbox 745 2987 751 2999; x_wconf 91' lang='grc'><strong>.</strong></span> <span class='ocrx_word' id='word_1_175' title='bbox 778 2986 785 2999; x_wconf 88' lang='grc'><strong>.</strong></span> <span class='ocrx_word' id='word_1_176' title='bbox 809 2947 1011 3022; x_wconf 84' lang='grc' dir='ltr'>καταστήναι;</span> <span class='ocrx_word' id='word_1_177' title='bbox 1036 2933 1052 2999; x_wconf 90' lang='lat'>6</span> <span class='ocrx_word' id='word_1_178' title='bbox 1077 2936 1109 2998; x_wconf 82' lang='grc' dir='ltr'>δέ</span> <span class='ocrx_word' id='word_1_179' title='bbox 1133 2932 1207 2998; x_wconf 79' lang='grc' dir='ltr'>εἶπε·</span> <span class='ocrx_word' id='word_1_180' title='bbox 1233 2932 1330 3016; x_wconf 84' lang='grc' dir='ltr'>ὡβα-</span> 
     </span>
     <span class='ocr_line' id='line_1_22' title="bbox 266 3058 1328 3149; baseline -0.004 -23"><span class='ocrx_word' id='word_1_181' title='bbox 266 3066 360 3138; x_wconf 78' lang='grc' dir='ltr'>σιλευ,</span> <span class='ocrx_word' id='word_1_182' title='bbox 386 3062 444 3142; x_wconf 71' lang='grc' dir='ltr'>ἐγὼ</span> <span class='ocrx_word' id='word_1_183' title='bbox 467 3073 560 3125; x_wconf 82' lang='grc' dir='ltr'>ταυτα</span> <span class='ocrx_word' id='word_1_184' title='bbox 585 3063 699 3149; x_wconf 76' lang='grc' dir='ltr'>ἐ’τςρήξα</span> <span class='ocrx_word' id='word_1_185' title='bbox 723 3073 758 3146; x_wconf 78' lang='grc' dir='ltr'>τή</span> <span class='ocrx_word' id='word_1_186' title='bbox 783 3074 822 3146; x_wconf 85' lang='grc' dir='ltr'>σή</span> <span class='ocrx_word' id='word_1_187' title='bbox 845 3067 898 3146; x_wconf 85' lang='grc' dir='ltr'>μέν</span> <span class='ocrx_word' id='word_1_188' title='bbox 916 3058 1100 3145; x_wconf 77' lang='grc' dir='ltr'>ευδαιμονίή,</span> <span class='ocrx_word' id='word_1_189' title='bbox 1125 3072 1161 3144; x_wconf 80' lang='grc' dir='ltr'>τή</span> <span class='ocrx_word' id='word_1_190' title='bbox 1178 3059 1328 3144; x_wconf 75' lang='grc' dir='ltr'>ἐμεωυτοῦ</span> 
     </span>
     <span class='ocr_line' id='line_1_23' title="bbox 265 3184 1327 3272; baseline -0.005 -21"><span class='ocrx_word' id='word_1_191' title='bbox 265 3190 298 3252; x_wconf 85' lang='grc' dir='ltr'>δὲ</span> <span class='ocrx_word' id='word_1_192' title='bbox 310 3189 538 3272; x_wconf 78' lang='grc' dir='ltr'>κακοδαιμονίῃ·</span> <span class='ocrx_word' id='word_1_193' title='bbox 557 3187 651 3258; x_wconf 81' lang='grc' dir='ltr'>αἴτιος</span> <span class='ocrx_word' id='word_1_194' title='bbox 668 3188 700 3250; x_wconf 84' lang='grc' dir='ltr'>δὲ</span> <span class='ocrx_word' id='word_1_195' title='bbox 716 3190 824 3249; x_wconf 72' lang='grc' dir='ltr'>τοίτων</span> <span class='ocrx_word' id='word_1_196' title='bbox 841 3185 957 3266; x_wconf 69' lang='grc' dir='ltr'>ἐγένετο</span> <span class='ocrx_word' id='word_1_197' title='bbox 974 3184 989 3249; x_wconf 97' lang='lat'>6</span> <span class='ocrx_word' id='word_1_198' title='bbox 1007 3184 1160 3271; x_wconf 75' lang='grc' dir='ltr'>Ἑλλήνων</span> <span class='ocrx_word' id='word_1_199' title='bbox 1177 3188 1252 3255; x_wconf 75' lang='grc' dir='ltr'>θεὸς</span> <span class='ocrx_word' id='word_1_200' title='bbox 1269 3233 1275 3246; x_wconf 90' lang='grc'><strong>.</strong></span> <span class='ocrx_word' id='word_1_201' title='bbox 1296 3232 1302 3246; x_wconf 92' lang='grc'><strong>.</strong></span> <span class='ocrx_word' id='word_1_202' title='bbox 1321 3233 1327 3245; x_wconf 90' lang='grc'><strong><em>.</em></strong></span> 
     </span>
     <span class='ocr_line' id='line_1_24' title="bbox 265 3312 1329 3399; baseline -0.005 -21"><span class='ocrx_word' id='word_1_203' title='bbox 265 3316 311 3398; x_wconf 85' lang='lat' dir='ltr'>(iu</span> <span class='ocrx_word' id='word_1_204' title='bbox 342 3338 403 3399; x_wconf 92' lang='lat' dir='ltr'>quo</span> <span class='ocrx_word' id='word_1_205' title='bbox 431 3316 577 3399; x_wconf 84' lang='lat' dir='ltr'>exemplo</span> <span class='ocrx_word' id='word_1_206' title='bbox 606 3315 666 3391; x_wconf 71' lang='grc' dir='ltr'>ἐγω</span> <span class='ocrx_word' id='word_1_207' title='bbox 690 3317 738 3377; x_wconf 87' lang='lat' dir='ltr'>est</span> <span class='ocrx_word' id='word_1_208' title='bbox 760 3314 909 3397; x_wconf 80' lang='lat' dir='ltr'>positum,</span> <span class='ocrx_word' id='word_1_209' title='bbox 940 3335 1002 3376; x_wconf 86' lang='lat' dir='ltr'>uon</span> <span class='ocrx_word' id='word_1_210' title='bbox 1025 3312 1108 3396; x_wconf 89' lang='lat' dir='ltr'>quod</span> <span class='ocrx_word' id='word_1_211' title='bbox 1132 3312 1172 3375; x_wconf 84' lang='lat' dir='ltr'>ad</span> <span class='ocrx_word' id='word_1_212' title='bbox 1195 3312 1329 3375; x_wconf 87' lang='lat' dir='ltr'>interro-</span> 
     </span>
     <span class='ocr_line' id='line_1_25' title="bbox 266 3433 1329 3524; baseline -0.008 -20"><span class='ocrx_word' id='word_1_213' title='bbox 266 3441 428 3524; x_wconf 81' lang='lat' dir='ltr'>gationem</span> <span class='ocrx_word' id='word_1_214' title='bbox 463 3463 499 3502; x_wconf 94' lang='lat' dir='ltr'>eo</span> <span class='ocrx_word' id='word_1_215' title='bbox 534 3440 771 3522; x_wconf 74' lang='lat' dir='ltr'>respondeatur,</span> <span class='ocrx_word' id='word_1_216' title='bbox 807 3440 863 3502; x_wconf 86' lang='lat' dir='ltr'>sed</span> <span class='ocrx_word' id='word_1_217' title='bbox 893 3439 968 3522; x_wconf 86' lang='lat' dir='ltr'>quia</span> <span class='ocrx_word' id='word_1_218' title='bbox 995 3439 1100 3502; x_wconf 87' lang='lat' dir='ltr'>verbis</span> <span class='ocrx_word' id='word_1_219' title='bbox 1125 3433 1151 3499; x_wconf 74' lang='grc' dir='ltr'>’ὁ</span> <span class='ocrx_word' id='word_1_220' title='bbox 1176 3433 1329 3520; x_wconf 85' lang='grc' dir='ltr'>Ἐλλήνων</span> 
     </span>
     <span class='ocr_line' id='line_1_26' title="bbox 265 3562 1330 3649; baseline -0.002 -24"><span class='ocrx_word' id='word_1_221' title='bbox 265 3567 350 3634; x_wconf 81' lang='grc' dir='ltr'>θεός’</span> <span class='ocrx_word' id='word_1_222' title='bbox 375 3566 558 3649; x_wconf 86' lang='lat' dir='ltr'>opponitur:</span> <span class='ocrx_word' id='word_1_223' title='bbox 584 3586 644 3649; x_wconf 84' lang='lat' dir='ltr'>ego</span> <span class='ocrx_word' id='word_1_224' title='bbox 666 3586 729 3629; x_wconf 88' lang='lat' dir='ltr'>non</span> <span class='ocrx_word' id='word_1_225' title='bbox 751 3587 824 3627; x_wconf 90' lang='lat' dir='ltr'>mea</span> <span class='ocrx_word' id='word_1_226' title='bbox 847 3567 967 3647; x_wconf 79' lang='lat' dir='ltr'>sponte,</span> <span class='ocrx_word' id='word_1_227' title='bbox 992 3564 1047 3626; x_wconf 88' lang='lat' dir='ltr'>sed</span> <span class='ocrx_word' id='word_1_228' title='bbox 1073 3563 1123 3626; x_wconf 88' lang='lat' dir='ltr'>dei</span> <span class='ocrx_word' id='word_1_229' title='bbox 1148 3562 1330 3626; x_wconf 63' lang='lat' dir='ltr'>Graecorum</span> 
     </span>
     <span class='ocr_line' id='line_1_27' title="bbox 265 3685 1212 3773; baseline -0.004 -19"><span class='ocrx_word' id='word_1_230' title='bbox 265 3693 345 3754; x_wconf 88' lang='lat' dir='ltr'>nutu</span> <span class='ocrx_word' id='word_1_231' title='bbox 368 3694 401 3752; x_wconf 88' lang='lat' dir='ltr'>et</span> <span class='ocrx_word' id='word_1_232' title='bbox 424 3689 560 3772; x_wconf 89' lang='lat' dir='ltr'>impulsu</span> <span class='ocrx_word' id='word_1_233' title='bbox 586 3689 648 3752; x_wconf 85' lang='lat' dir='ltr'>feei</span> <span class='ocrx_word' id='word_1_234' title='bbox 671 3711 742 3773; x_wconf 87' lang='lat' dir='ltr'>quae</span> <span class='ocrx_word' id='word_1_235' title='bbox 766 3689 842 3771; x_wconf 82' lang='lat' dir='ltr'>feei)</span> <span class='ocrx_word' id='word_1_236' title='bbox 866 3685 895 3748; x_wconf 93' lang='lat' dir='ltr'><strong>A</strong></span> <span class='ocrx_word' id='word_1_237' title='bbox 921 3689 973 3753; x_wconf 80' lang='lat'>87.</span> <span class='ocrx_word' id='word_1_238' title='bbox 999 3690 1055 3765; x_wconf 76' lang='lat'>123</span> <span class='ocrx_word' id='word_1_239' title='bbox 1082 3690 1134 3752; x_wconf 82' lang='lat'>32.</span> <span class='ocrx_word' id='word_1_240' title='bbox 1159 3690 1212 3751; x_wconf 78' lang='lat'>22.</span> 
     </span>
    </p>

    <p class='ocr_par' dir='ltr' id='par_1_11' title="bbox 373 3809 1189 3897">
     <span class='ocr_line' id='line_1_28' title="bbox 373 3809 1189 3897; baseline 0.002 -23"><span class='ocrx_word' id='word_1_241' title='bbox 373 3809 450 3875; x_wconf 79' lang='grc' dir='ltr'>Καί</span> <span class='ocrx_word' id='word_1_242' title='bbox 480 3815 653 3897; x_wconf 86' lang='lat' dir='ltr'>aliaeque</span> <span class='ocrx_word' id='word_1_243' title='bbox 684 3814 903 3897; x_wconf 81' lang='lat' dir='ltr'>particulae</span> <span class='ocrx_word' id='word_1_244' title='bbox 934 3813 1189 3896; x_wconf 83' lang='lat' dir='ltr'>copulativae.</span> 
     </span>
    </p>

    <p class='ocr_par' dir='ltr' id='par_1_12' title="bbox 372 3912 1329 4021">
     <span class='ocr_line' id='line_1_29' title="bbox 372 3912 1329 4021; baseline -0.001 -23"><span class='ocrx_word' id='word_1_245' title='bbox 372 3936 532 4020; x_wconf 74' lang='grc' dir='ltr'>Ἅρπαγος</span> <span class='ocrx_word' id='word_1_246' title='bbox 556 3937 599 4012; x_wconf 85' lang='grc' dir='ltr'>δέ,</span> <span class='ocrx_word' id='word_1_247' title='bbox 623 3934 664 4009; x_wconf 85' lang='grc' dir='ltr'>ὡς</span> <span class='ocrx_word' id='word_1_248' title='bbox 688 3935 749 4000; x_wconf 84' lang='grc' dir='ltr'>εἶδέ</span> <span class='ocrx_word' id='word_1_249' title='bbox 773 3960 821 4021; x_wconf 82' lang='grc' dir='ltr'>με,</span> <span class='ocrx_word' id='word_1_250' title='bbox 850 3912 972 4000; x_wconf 82' lang='grc' dir='ltr'>ἐκέλευε</span> <span class='ocrx_word' id='word_1_251' title='bbox 998 3984 1005 3999; x_wconf 92' lang='grc'><em>.</em></span> <span class='ocrx_word' id='word_1_252' title='bbox 1032 3985 1038 3997; x_wconf 91' lang='grc'><strong><em>.</em></strong></span> <span class='ocrx_word' id='word_1_253' title='bbox 1065 3983 1071 3997; x_wconf 92' lang='grc'><strong>.</strong></span> <span class='ocrx_word' id='word_1_254' title='bbox 1096 3938 1150 3997; x_wconf 81' lang='grc' dir='ltr'>καί</span> <span class='ocrx_word' id='word_1_255' title='bbox 1173 3932 1231 4013; x_wconf 69' lang='grc' dir='ltr'>ἐγὼ</span> <span class='ocrx_word' id='word_1_256' title='bbox 1255 3932 1329 3997; x_wconf 80' lang='grc' dir='ltr'>ἀνοι-</span> 
     </span>
    </p>
   </div>
   <div class='ocr_carea' id='block_1_7' title="bbox 267 4061 731 4149">
    <p class='ocr_par' dir='ltr' id='par_1_13' title="bbox 267 4061 731 4149">
     <span class='ocr_line' id='line_1_30' title="bbox 267 4061 731 4149; baseline 0.004 -25"><span class='ocrx_word' id='word_1_257' title='bbox 267 4064 367 4144; x_wconf 84' lang='grc' dir='ltr'>λαβὼν</span> <span class='ocrx_word' id='word_1_258' title='bbox 392 4061 497 4149; x_wconf 72' lang='grc' dir='ltr'>ἔφερον</span> <span class='ocrx_word' id='word_1_259' title='bbox 521 4061 550 4124; x_wconf 83' lang='grc' dir='ltr'><strong>Α</strong></span> <span class='ocrx_word' id='word_1_260' title='bbox 577 4065 649 4128; x_wconf 86' lang='lat'>111.</span> <span class='ocrx_word' id='word_1_261' title='bbox 676 4064 731 4141; x_wconf 84' lang='lat'>17;</span> 
     </span>
    </p>
   </div>
   <div class='ocr_carea' id='block_1_8' title="bbox 0 0 1564 4950">
    <p class='ocr_par' dir='ltr' id='par_1_14' title="bbox 0 0 1564 4950">
     <span class='ocr_line' id='line_1_31' title="bbox 0 0 1564 4950; baseline 0 0"><span class='ocrx_word' id='word_1_262' title='bbox 0 0 1564 4950; x_wconf 95' lang='lat' dir='ltr'> </span> 
     </span>
    </p>
   </div>
  </div>
 </body>
</html>
