3117 4950
777 352 950 417 ..72-

285 526 288 533 ¹
332 534 383 614 14,
425 534 463 597 17
508 531 630 614 (modus
668 531 859 615 optativus);
908 532 981 596 117.
1021 532 1081 605 6¹3
1128 528 1189 593 ἐπὶ
1235 536 1331 619 σφέας
1371 530 1394 594 Ζ

330 660 383 723 49.
409 660 438 724 9.
653 664 655 671 ⁴

438 779 605 867 ἀπικομένη
630 781 662 844 δὲ
686 783 768 864 παρά
793 789 893 844 τοῦτον
916 777 936 866 ἡ
960 777 1115 866 Φερετίμη
1133 778 1233 844 ἐδέετο
1249 793 1395 868 στρατιῆς

330 906 350 993 ἣ
373 907 497 980 κατάξει
522 903 619 994 σφέας
642 904 674 977 ἐς
698 908 749 991 την
773 903 914 992 Κορηνην
939 902 963 967 Δ
989 907 1061 970 162.
1088 908 1138 971 12.

437 1027 645 1120 Σφέτερος;
684 1029 718 1103 ἐς
752 1031 785 1093 δέ
816 1034 867 1116 τὴν
897 1029 1019 1118 ἤπειρον
1042 1028 1192 1097 ἀπέπλεον
1216 1027 1296 1102 usae
1320 1030 1395 1093 ἔωσι

332 1154 387 1221 ὑπὸ
411 1161 459 1221 τὸν
483 1159 570 1229 πεζὸν
594 1158 717 1239 στρατὸν
741 1158 789 1218 τὸν
814 1160 954 1244 σφέτερον
979 1154 992 1216 1
1016 1158 1068 1222 96.
1094 1158 1145 1221 10.

437 1284 467 1367 η)
502 1278 641 1353 Atace:
678 1278 799 1366 ἄμεινον
830 1278 905 1343 εἶναι
936 1279 993 1367 ἔφη
1022 1291 1058 1365 τη
1081 1278 1203 1364 Σπάρτη
1226 1282 1275 1344 τὸν
1299 1281 1396 1352 ξεῖνον

332 1412 380 1472 τὸν
404 1405 516 1493 Σάμιον
541 1404 799 1469 ἀπαλλάσσεσθαι
829 1454 836 1469 .
861 1454 869 1468 .
895 1454 920 1481 .,
950 1404 1000 1469 ἵνα
1023 1410 1064 1491 μη
1090 1402 1237 1489 ἀναπεὶση
1260 1402 1280 1491 ἢ
1305 1402 1397 1469 αὐτὸν

975 1527 990 1550 51

332 1534 387 1617 (=
411 1535 525 1617 ipsum,
562 1534 599 1596 de
635 1555 672 1597 eo
705 1533 760 1617 qui
791 1531 943 1616 loquitur)
973 1529 1111 1616 ηάλλον
1137 1529 1159 1592 Γ
1185 1532 1258 1596 148.
1284 1533 1342 1609 16;
1369 1530 1396 1594 E

335 1661 387 1725 37.
413 1661 431 1723 9
456 1658 579 1743 (contra
603 1656 627 1718 Θ
652 1658 703 1723 87.
728 1657 795 1740 22).

439 1906 473 1991 Ζ)
508 1907 546 1972 In
579 1909 618 1972 iis
654 1908 923 1972 enuntiationibus
953 1908 1104 1972 orationis
1127 1908 1275 1991 obliqua,
1310 1931 1394 1991 quae,

332 2035 359 2099 si
393 2035 493 2099 oratio
528 2038 610 2098 esset
644 2037 742 2113 recta,
772 2038 881 2098 tamen
904 2035 1008 2097 iocum
1030 2034 1256 2097 enuntiationis
1280 2055 1395 2097 secun-

333 2160 429 2225 daria
464 2163 620 2227 tenerent.
677 2157 767 2223 Inter
801 2181 879 2243 quos
914 2159 1177 2223 constructionem
1212 2160 1393 2237 verborum,

333 2308 428 2370 quern
451 2285 628 2369 genitivum
652 2285 831 2349 absolutum
854 2288 976 2363 vocant,
1009 2284 1182 2362 numeravi,
1214 2285 1241 2346 si
1264 2283 1395 2367 quidem
1482 2297 1486 2303 '

332 2411 366 2475 in
401 2411 616 2475 enuntiatione
647 2410 797 2475 orationis
825 2410 961 2494 obliquae
985 2409 1190 2494 interpositus
1214 2410 1253 2473 ad
1277 2409 1394 2473 oratio-

333 2560 406 2601 nem
429 2538 590 2621 obliquam
613 2537 763 2620 pertinet.
789 2572 828 2580 -
854 2534 919 2600 Sub
942 2535 1001 2599 hoc
1024 2536 1118 2599 titulo
1141 2535 1287 2629 exempla
1308 2544 1396 2620 σφεῖς

333 2661 519 2727 nominativi
542 2661 674 2744 pluralis
699 2662 813 2725 afferre
836 2660 922 2739 licet,
946 2683 1044 2745 quum
1067 2660 1094 2723 si
1116 2683 1179 2723 non
1202 2682 1327 2744 semper
1343 2663 1395 2722 at-

333 2790 441 2851 tamen
463 2787 650 2871 plerumque
673 2786 707 2850 in
731 2786 885 2870 ejusmodi
909 2783 1188 2865 enuntiationibus,
1213 2786 1267 2849 ubi
1290 2785 1395 2868 isqui

333 2914 431 2978 verba
454 2913 532 2977 facit
554 2914 725 2996 spectetur,
749 2912 940 2977 inveniatur.

441 3036 474 3120 α)
498 3036 601 3113 Quum
625 3037 710 3118 enim
733 3038 773 3100 ad
796 3038 929 3102 verbum
944 3038 1154 3120 praedicatum
1170 3035 1395 3100 enuntiationis

335 3163 469 3246 alicujus
503 3163 639 3246 obliquae
674 3163 853 3246 subjectum
884 3163 998 3227 addere
1028 3185 1107 3246 opus
1131 3165 1188 3241 est,
1213 3161 1395 3225 Herodotus

337 3282 426 3358 αὐτός
449 3288 692 3353 determinatim
715 3289 889 3373 saepissime
913 3288 1023 3353 utitur.
1070 3287 1130 3351 His
1154 3290 1261 3351 autem
1283 3286 1395 3370 paucis

335 3411 421 3493 locis,
457 3436 476 3477 a
509 3413 657 3498 Krtigero
688 3411 720 3476 H
749 3414 767 3496 ξ
793 3415 844 3479 51.
870 3414 899 3479 1.
923 3412 964 3478 Α.
990 3413 1030 3476 15
1055 3413 1170 3493 allatis,
1196 3421 1280 3498 σφεῖς
1303 3433 1396 3475 usur·

335 3541 447 3622 patum
470 3541 535 3603 est:

447 3777 455 3804 ¹
483 3779 527 3833 Ad
555 3775 567 3828 1
597 3780 654 3833 117.
684 3781 699 3833 6
723 3779 845 3835 Steinius
868 3779 938 3833 dicit
957 3796 1048 3848 σφεας,
1067 3797 1122 3833 nen
1142 3776 1234 3847 σφέας,
1253 3796 1311 3832 esse
1330 3777 1398 3831 seri·

336 3868 456 3924 bendum
476 3873 505 3924 et
523 3870 559 3923 ad
578 3865 599 3917 Θ
620 3869 662 3922 87.
682 3868 716 3921 22
735 3869 857 3938 adlegat.
894 3869 946 3923 Sed
965 3887 980 3923 e
999 3868 1138 3922 contrario
1157 3868 1192 3921 ad
1208 3867 1396 3923 constantiam

337 3960 502 4013 servandam
520 3958 617 4013 debuit
636 3956 719 4027 σφέας
737 3959 798 4012 loeo
817 3958 987 4028 pronominis
1006 3975 1069 4012 vere
1088 3957 1211 4012 reflexivi
1232 3955 1252 4007 Δ
1274 3958 1331 4011 140.
1354 3959 1396 4022 16,

338 4043 359 4096 Θ
381 4048 422 4101 63.
442 4048 458 4101 3
476 4048 578 4103 habere
597 4051 625 4103 et
644 4051 759 4103 accentu
779 4064 884 4102 ornare.
