3117 4950
1334 415 1678 478 *85—

435 591 643 656 ἐδόκεε
715 589 766 654 Β
826 595 971 658 169.
1023 594 1084 658 6.
1176 592 1312 657 Hoc
1358 593 1495 657 loco
1541 616 1748 658 nonne
1797 588 1893 677 μίν
1942 594 2288 658 accusativi
2336 596 2552 658 eatlfflu

436 721 533 786 vis
584 724 773 804 atque
821 742 1013 803 quam
1058 718 1256 795 habet
1302 715 1543 792 ἑωυτοῦ,
1594 738 1730 783 esse
1780 720 2131 793 existimari
2175 722 2428 803 potest?

645 845 908 929 Triplex
968 845 1168 930 igitur
1215 882 1295 889 —-
1347 848 1517 908 certe
1576 845 1631 909 si
1677 867 1811 909 rem
1856 867 1974 910 usu
2020 845 2325 909 sermonis
2371 846 2548 909 latini

436 975 500 1035 et
570 971 824 1034 dialecti
894 971 1106 1034 atticae
1167 972 1467 1035 metimur
1523 1008 1605 1016 -
1655 994 1805 1035 usus
1854 973 1949 1054 μίν
1998 971 2342 1035 accusativi
2389 976 2548 1056 apud

434 1094 829 1160 Herodotum
877 1099 995 1161 est.

644 1221 807 1285 Tum
855 1223 935 1285 ad
980 1221 1217 1285 formas
1264 1245 1302 1284 a
1344 1241 1456 1307 σφ-
1487 1222 1721 1285 litteris
1753 1222 2129 1306 incipientes
2160 1224 2550 1307 transgrm'Ei-

435 1349 592 1410 atur·
638 1347 859 1411 oratio.
953 1345 1051 1410 De
1109 1348 1210 1432 σφί
1261 1350 1474 1410 autem
1519 1350 1759 1430 postea.
1851 1345 2068 1411 Unum
2113 1347 2319 1411 locum
2366 1369 2548 1428 susm

434 1494 587 1557 pag.
638 1472 720 1535 82
769 1471 975 1550 attuli,
1025 1472 1133 1535 ubi
1183 1466 1378 1558 σφέων
1424 1472 1555 1536 vim
1606 1471 1845 1555 'ipsius'
1894 1471 2130 1535 habere
2163 1492 2280 1534 nec
2309 1470 2556 1536 refinxi-

430 1619 582 1661 vum
628 1619 763 1660 esse
809 1597 1079 1661 videtur.
1150 1597 1237 1660 Et
1281 1619 1431 1681 pag.
1483 1597 1565 1660 60
1599 1619 1736 1688 sqq.
1771 1597 2062 1680 exempla
2087 1596 2352 1661 collecta
2383 1616 2552 1660 sum.

433 1745 511 1786 ex
557 1722 787 1806 quibus
845 1725 1173 1806 appareat,
1245 1717 1438 1809 σφέων
1501 1724 1565 1785 et
1622 1717 1786 1808 σφίσι
1834 1725 1898 1789 et
1945 1717 2137 1807 σφέας
2182 1723 2548 1805 saepissim=·.

435 1870 629 1931 quum
677 1848 758 1911 ad
801 1847 1152 1931 hypotaxin
1197 1848 1542 1931 pertinent,
1603 1847 1779 1910 illam
1823 1847 1954 1911 vim
2004 1848 2480 1912 determinativa
2500 1876 2548 1908 ιιι

431 1973 554 2037 sibi
623 1973 1005 2050 adsciscere3
1078 1995 1284 2056 neque
1343 1972 1529 2036 aliter
1590 1980 1761 2057 σφεῖς
1819 1972 1898 2036 iis
1946 1973 2173 2056 quibus
2222 1974 2303 2038 ab
2349 1972 2552 2036 Herm

433 2099 577 2162 doto
646 2097 986 2162 adhibetur
1042 2097 1197 2161 locis
1254 2098 1424 2161 idem
1471 2098 1639 2181 quod
1688 2091 1898 2159 ἀὖτοῖ
1939 2098 2050 2196 ⁶vel
2098 2097 2261 2180 ’ipsi'
2310 2098 2548 2183 signifi-

434 2226 556 2288 cat.
647 2222 796 2287 Jam
854 2245 1005 2287 vero
1059 2244 1211 2307 pag.
1261 2223 1344 2285 54
1392 2224 1659 2302 ostendi,
1707 2223 1822 2288 hos
1872 2224 2124 2288 eosdem
2171 2245 2350 2287 casus
2397 2224 2552 2286 obli-

436 2371 591 2432 quos
660 2348 790 2413 vim
859 2348 1097 2412 directe
1159 2347 1529 2412 reflexivam
1579 2348 1847 2426 habere3
1896 2348 2126 2432 quibus
2171 2349 2389 2412 formis
2440 2372 2552 2408 nm]

431 2474 631 2539 solum
691 2474 1168 2559 pronominibus
1216 2473 1537 2538 reflexivis
1586 2474 1696 2538 sed
1744 2474 1938 2539 etiam
1984 2497 2156 2539 mere
2203 2476 2556 2559 personali-

432 2601 568 2679 buS‚
641 2604 713 2664 ut
779 2601 874 2664 vis
938 2601 1176 2684 ’ipsius'
1235 2622 1492 2684 prorsus
1538 2600 1876 2679 interierit,
1924 2601 2126 2665 utitur
2172 2599 2548 2665 Herodoti1=.

361 2763 365 2767 -
434 2725 830 2809 Excipienda
876 2729 1091 2789 tamen
1138 2729 1286 2789 sunt
1333 2729 1397 2789 et
1444 2720 1613 2812 σφίσι
1660 2725 1807 2808 (etsi
1857 2727 1948 2790 de'
1981 2726 2221 2791 duobus
2267 2726 2548 2790 tribum-⁴·

428 2852 582 2916 locis
643 2850 1016 2934 dubitatur),
1081 2852 1183 2915 cui
1239 2851 1479 2915 indoles
1527 2851 1786 2936 propria
1832 2852 2068 2936 optime
2116 2851 2440 2929 remansit.
2492 2869 2548 2913 vr.

432 2979 738 3063 σφέτερος,
810 2999 952 3060 quae
1023 2999 1335 3060 nusquam
1394 2998 1567 3040 mere
1616 2977 1976 3060 personalia
2022 2976 2123 3041 vel
2173 2976 2548 3060 anaphorim,

431 3124 565 3166 esse
614 3102 740 3165 dici
785 3106 1069 3185 possunt.

644 3226 768 3292 Sed
816 3228 968 3311 quid
1017 3229 1092 3291 de
1139 3228 1241 3291 his
1288 3227 1508 3292 formis
1555 3229 1693 3290 tum
1742 3230 1838 3290 est
1884 3228 2310 3307 statuendum,
2361 3251 2548 3312 quum

429 3353 495 3416 in
564 3353 1103 3417 enuntiationibus
1159 3353 1461 3417 orationis
1509 3352 1785 3436 obliquae
1831 3352 2255 3437 hypotacticis
2302 3354 2548 3437 subjur-

427 3481 564 3542 tum
609 3478 941 3542 sententiae
989 3478 1488 3562 superordinatae
1535 3479 1897 3561 spectantes
1944 3478 2397 3542 inveniuntur?
2464 3481 2548 3541 lh·

430 3606 596 3689 σφίσι
667 3606 731 3666 et
800 3597 1086 3689 σφέτερος
1155 3625 1256 3667 res
1312 3603 1519 3667 facilis
1569 3605 1697 3667 est:
1748 3606 1813 3666 et
1858 3605 2005 3666 sunt
2052 3605 2116 3666 et
2164 3627 2200 3666 a
2246 3602 2548 3686 scripture„-

427 3728 667 3793 habitae
727 3732 875 3792 sunt
920 3751 1068 3793 vere
1116 3727 1458 3793 reflexivae.
1550 3727 1643 3793 At
1690 3723 1883 3813 σφέων
1932 3731 1997 3792 et
2043 3722 2281 3814 σφέαςὶ)
2372 3726 2548 3791 Prav-

426 3854 664 3918 teriens
724 3854 1178 3933 animadverto,
1239 3854 1474 3918 formas
1531 3854 1899 3937 conjunctas
1947 3855 2140 3938 σφέων
2190 3845 2378 3913 αὐτῶν
2428 3857 2548 3917 uh:

425 3980 506 4043 ab
577 4001 695 4043 usu
780 3978 1182 4062 hypotactico
1249 3978 1636 4063 pronominis
1704 3978 1913 4042 tertiae
1972 3999 2255 4060 personae
2303 3981 2552 4042 omnim·

427 4104 703 4167 seclusas
777 4126 944 4169 esse:
1015 4104 1237 4170 ideone
1297 4104 1463 4188 quod
1508 4126 1631 4168 non
1680 4103 1887 4190 magis
1936 4096 2102 4188 σφίσι
2148 4105 2213 4166 et
2259 4104 2552 4189 &peregrim
