<?xml version="1.0" encoding="UTF-8"?>
<!DOCTYPE html PUBLIC "-//W3C//DTD XHTML 1.0 Transitional//EN"
    "http://www.w3.org/TR/xhtml1/DTD/xhtml1-transitional.dtd">
<html xmlns="http://www.w3.org/1999/xhtml" xml:lang="en" lang="en">
 <head>
  <title>
</title>
<meta http-equiv="Content-Type" content="text/html;charset=utf-8" />
  <meta name='ocr-system' content='tesseract 3.04.00' />
  <meta name='ocr-capabilities' content='ocr_page ocr_carea ocr_par ocr_line ocrx_word'/>
</head>
<body>
  <div class='ocr_page' id='page_1' title='image "./deusupronominum00ekedgoog_0090.png"; bbox 0 0 3117 4950; ppageno 0'>
   <div class='ocr_carea' id='block_1_1' title="bbox 720 403 894 472">
    <p class='ocr_par' dir='ltr' id='par_1_1' title="bbox 720 403 894 472">
     <span class='ocr_line' id='line_1_1' title="bbox 720 403 894 472; baseline -0.006 -18"><span class='ocrx_word' id='word_1_1' title='bbox 720 403 894 472; x_wconf 24' lang='lat'>*823</span> 
     </span>
    </p>
   </div>
   <div class='ocr_carea' id='block_1_2' title="bbox 273 580 1337 1678">
    <p class='ocr_par' dir='ltr' id='par_1_2' title="bbox 273 580 1337 1050">
     <span class='ocr_line' id='line_1_2' title="bbox 383 580 1336 675; baseline 0 -25"><span class='ocrx_word' id='word_1_2' title='bbox 383 583 524 671; x_wconf 79' lang='grc' dir='ltr'>Οἴβαρες,</span> <span class='ocrx_word' id='word_1_3' title='bbox 559 585 629 675; x_wconf 81' lang='grc' dir='ltr'>ἡμῖν</span> <span class='ocrx_word' id='word_1_4' title='bbox 665 587 806 653; x_wconf 77' lang='grc' dir='ltr'>δέδοκται</span> <span class='ocrx_word' id='word_1_5' title='bbox 840 588 908 669; x_wconf 88' lang='grc' dir='ltr'>περὶ</span> <span class='ocrx_word' id='word_1_6' title='bbox 942 596 995 671; x_wconf 77' lang='grc' dir='ltr'>τῆς</span> <span class='ocrx_word' id='word_1_7' title='bbox 1031 580 1193 673; x_wconf 83' lang='grc' dir='ltr'>βασιληίης</span> <span class='ocrx_word' id='word_1_8' title='bbox 1224 583 1336 650; x_wconf 79' lang='grc' dir='ltr'>ποιέειν</span> 
     </span>
     <span class='ocr_line' id='line_1_3' title="bbox 273 708 1337 800; baseline -0.002 -23"><span class='ocrx_word' id='word_1_9' title='bbox 273 716 353 777; x_wconf 76' lang='grc' dir='ltr'>κατὰ</span> <span class='ocrx_word' id='word_1_10' title='bbox 376 713 457 776; x_wconf 85' lang='grc' dir='ltr'>τάδε·</span> <span class='ocrx_word' id='word_1_11' title='bbox 482 710 550 776; x_wconf 81' lang='grc' dir='ltr'>ότευ</span> <span class='ocrx_word' id='word_1_12' title='bbox 573 710 609 777; x_wconf 89' lang='grc' dir='ltr'>ἀν</span> <span class='ocrx_word' id='word_1_13' title='bbox 633 710 649 776; x_wconf 86' lang='grc' dir='ltr'>ὁ</span> <span class='ocrx_word' id='word_1_14' title='bbox 671 710 761 784; x_wconf 77' lang='grc' dir='ltr'>ἵππος</span> <span class='ocrx_word' id='word_1_15' title='bbox 785 722 900 797; x_wconf 77' lang='grc' dir='ltr'>πρῶτος</span> <span class='ocrx_word' id='word_1_16' title='bbox 923 708 1091 799; x_wconf 74' lang='grc' dir='ltr'>φθέγξηται</span> <span class='ocrx_word' id='word_1_17' title='bbox 1115 709 1181 797; x_wconf 79' lang='grc' dir='ltr'>ἅμα</span> <span class='ocrx_word' id='word_1_18' title='bbox 1203 722 1242 794; x_wconf 83' lang='grc' dir='ltr'>τῷ</span> <span class='ocrx_word' id='word_1_19' title='bbox 1257 710 1337 800; x_wconf 79' lang='grc' dir='ltr'>ἡλίῳ</span> 
     </span>
     <span class='ocr_line' id='line_1_4' title="bbox 274 833 1335 924; baseline 0.001 -25"><span class='ocrx_word' id='word_1_20' title='bbox 274 835 384 902; x_wconf 80' lang='grc' dir='ltr'>ἀνιόντι</span> <span class='ocrx_word' id='word_1_21' title='bbox 418 833 541 901; x_wconf 73' lang='grc' dir='ltr'>αὐτῶν</span> <span class='ocrx_word' id='word_1_22' title='bbox 576 837 631 921; x_wconf 87' lang='lat'>(=</span> <span class='ocrx_word' id='word_1_23' title='bbox 657 833 751 900; x_wconf 76' lang='grc' dir='ltr'>αὐτῶν</span> <span class='ocrx_word' id='word_1_24' title='bbox 788 835 885 924; x_wconf 78' lang='grc' dir='ltr'>ἡμῶν)</span> <span class='ocrx_word' id='word_1_25' title='bbox 920 835 1199 924; x_wconf 81' lang='grc' dir='ltr'>ἐπαναβεβηκότων,</span> <span class='ocrx_word' id='word_1_26' title='bbox 1234 840 1335 901; x_wconf 87' lang='grc' dir='ltr'>τοότον</span> 
     </span>
     <span class='ocr_line' id='line_1_5' title="bbox 274 959 797 1050; baseline 0.008 -25"><span class='ocrx_word' id='word_1_27' title='bbox 274 962 432 1050; x_wconf 78' lang='grc' dir='ltr'>ἔχειντὴν</span> <span class='ocrx_word' id='word_1_28' title='bbox 457 959 617 1050; x_wconf 81' lang='grc' dir='ltr'>βασιληίην</span> <span class='ocrx_word' id='word_1_29' title='bbox 641 961 664 1027; x_wconf 90' lang='grc' dir='ltr'>Γ</span> <span class='ocrx_word' id='word_1_30' title='bbox 689 966 741 1029; x_wconf 87' lang='lat'>85.</span> <span class='ocrx_word' id='word_1_31' title='bbox 767 965 797 1030; x_wconf 87' lang='lat'>5.</span> 
     </span>
    </p>

    <p class='ocr_par' dir='ltr' id='par_1_3' title="bbox 273 1085 1336 1427">
     <span class='ocr_line' id='line_1_6' title="bbox 379 1085 1335 1189; baseline -0.003 -34"><span class='ocrx_word' id='word_1_32' title='bbox 379 1090 410 1172; x_wconf 85' lang='grc' dir='ltr'>γ)</span> <span class='ocrx_word' id='word_1_33' title='bbox 432 1114 491 1174; x_wconf 86' lang='lat' dir='ltr'>pro</span> <span class='ocrx_word' id='word_1_34' title='bbox 514 1091 651 1189; x_wconf 79' lang='lat' dir='ltr'>seeundo</span> <span class='ocrx_word' id='word_1_35' title='bbox 673 1112 809 1174; x_wconf 81' lang='lat' dir='ltr'>persona</span> <span class='ocrx_word' id='word_1_36' title='bbox 831 1090 986 1173; x_wconf 77' lang='lat' dir='ltr'>positum:</span> <span class='ocrx_word' id='word_1_37' title='bbox 1012 1085 1038 1151; x_wconf 82' lang='grc' dir='ltr'>εἰ</span> <span class='ocrx_word' id='word_1_38' title='bbox 1061 1088 1150 1172; x_wconf 79' lang='grc' dir='ltr'>δ’ἀρα</span> <span class='ocrx_word' id='word_1_39' title='bbox 1166 1112 1211 1152; x_wconf 90' lang='grc' dir='ltr'>τοι</span> <span class='ocrx_word' id='word_1_40' title='bbox 1228 1092 1335 1172; x_wconf 86' lang='grc' dir='ltr'>βεβοό-</span> 
     </span>
     <span class='ocr_line' id='line_1_7' title="bbox 273 1211 1336 1301; baseline 0.001 -24"><span class='ocrx_word' id='word_1_41' title='bbox 273 1215 377 1278; x_wconf 89' lang='grc' dir='ltr'>λευται</span> <span class='ocrx_word' id='word_1_42' title='bbox 412 1211 525 1277; x_wconf 74' lang='grc' dir='ltr'>αὐτὸν</span> <span class='ocrx_word' id='word_1_43' title='bbox 561 1212 768 1278; x_wconf 81' lang='grc' dir='ltr'>ἀπελαυνοντοι</span> <span class='ocrx_word' id='word_1_44' title='bbox 803 1211 928 1294; x_wconf 83' lang='grc' dir='ltr'>ἀπάγειν</span> <span class='ocrx_word' id='word_1_45' title='bbox 964 1217 1015 1299; x_wconf 77' lang='grc' dir='ltr'>τίγν</span> <span class='ocrx_word' id='word_1_46' title='bbox 1051 1220 1200 1301; x_wconf 72' lang='grc' dir='ltr'>στρατιήν,</span> <span class='ocrx_word' id='word_1_47' title='bbox 1237 1214 1336 1301; x_wconf 79' lang='grc' dir='ltr'>ἀλλην</span> 
     </span>
     <span class='ocr_line' id='line_1_8' title="bbox 274 1310 1142 1427; baseline 0.007 -26"><span class='ocrx_word' id='word_1_48' title='bbox 274 1340 337 1426; x_wconf 50' lang='lat' dir='ltr'>exo</span> <span class='ocrx_word' id='word_1_49' title='bbox 362 1389 370 1403; x_wconf 86' lang='lat'><strong>.</strong></span> <span class='ocrx_word' id='word_1_50' title='bbox 395 1388 403 1402; x_wconf 92' lang='lat'><strong><em>.</em></strong></span> <span class='ocrx_word' id='word_1_51' title='bbox 429 1388 436 1403; x_wconf 91' lang='lat'><strong>.</strong></span> <span class='ocrx_word' id='word_1_52' title='bbox 462 1342 572 1427; x_wconf 74' lang='grc' dir='ltr'>ρωιμ</span> <span class='ocrx_word' id='word_1_53' title='bbox 596 1338 620 1402; x_wconf 90' lang='lat' dir='ltr'>o</span> <span class='ocrx_word' id='word_1_54' title='bbox 645 1342 719 1406; x_wconf 74' lang='lat' dir='ltr'>loo.</span> <span class='ocrx_word' id='word_1_55' title='bbox 744 1341 796 1406; x_wconf 71' lang='grc' dir='ltr'>υτ.</span> <span class='ocrx_word' id='word_1_56' title='bbox 1138 1310 1142 1315; x_wconf 69' lang='grc'><strong>’</strong></span> 
     </span>
    </p>

    <p class='ocr_par' dir='ltr' id='par_1_4' title="bbox 273 1461 1336 1678">
     <span class='ocr_line' id='line_1_9' title="bbox 380 1461 1336 1553; baseline -0.002 -24"><span class='ocrx_word' id='word_1_57' title='bbox 380 1468 544 1553; x_wconf 82' lang='grc' dir='ltr'>ρεόγονιας</span> <span class='ocrx_word' id='word_1_58' title='bbox 573 1468 625 1527; x_wconf 78' lang='grc' dir='ltr'>καί</span> <span class='ocrx_word' id='word_1_59' title='bbox 656 1469 757 1528; x_wconf 84' lang='grc' dir='ltr'>στάσιν</span> <span class='ocrx_word' id='word_1_60' title='bbox 786 1463 980 1536; x_wconf 70' lang='grc' dir='ltr'>ἐκλείποντας</span> <span class='ocrx_word' id='word_1_61' title='bbox 1004 1461 1127 1550; x_wconf 77' lang='grc' dir='ltr'>ὑμέας</span> <span class='ocrx_word' id='word_1_62' title='bbox 1151 1462 1279 1548; x_wconf 74' lang='grc' dir='ltr'>εἴδομεν,</span> <span class='ocrx_word' id='word_1_63' title='bbox 1304 1462 1336 1527; x_wconf 91' lang='grc' dir='ltr'>ἐν</span> 
     </span>
     <span class='ocr_line' id='line_1_10' title="bbox 273 1585 1334 1678; baseline -0.003 -25"><span class='ocrx_word' id='word_1_64' title='bbox 273 1586 469 1678; x_wconf 80' lang='grc' dir='ltr'>Ἀθηναίοισί</span> <span class='ocrx_word' id='word_1_65' title='bbox 492 1613 523 1654; x_wconf 80' lang='grc' dir='ltr'>τε</span> <span class='ocrx_word' id='word_1_66' title='bbox 547 1594 599 1676; x_wconf 76' lang='grc' dir='ltr'>τὴν</span> <span class='ocrx_word' id='word_1_67' title='bbox 622 1595 786 1674; x_wconf 79' lang='grc' dir='ltr'>πρόπειραν</span> <span class='ocrx_word' id='word_1_68' title='bbox 810 1595 1004 1674; x_wconf 77' lang='grc' dir='ltr'>ποιευμένους</span> <span class='ocrx_word' id='word_1_69' title='bbox 1027 1585 1171 1661; x_wconf 73' lang='grc' dir='ltr'>αὐτοὺς</span> <span class='ocrx_word' id='word_1_70' title='bbox 1194 1612 1225 1651; x_wconf 85' lang='grc' dir='ltr'>τε</span> <span class='ocrx_word' id='word_1_71' title='bbox 1247 1586 1334 1652; x_wconf 82' lang='grc' dir='ltr'>ἀντία</span> 
     </span>
    </p>
   </div>
   <div class='ocr_carea' id='block_1_3' title="bbox 274 1710 1061 1802">
    <p class='ocr_par' dir='ltr' id='par_1_5' title="bbox 274 1710 1061 1802">
     <span class='ocr_line' id='line_1_11' title="bbox 274 1710 1061 1802; baseline 0.006 -25"><span class='ocrx_word' id='word_1_72' title='bbox 274 1715 387 1779; x_wconf 87' lang='grc' dir='ltr'>δοόλων</span> <span class='ocrx_word' id='word_1_73' title='bbox 411 1725 466 1779; x_wconf 83' lang='grc' dir='ltr'>των</span> <span class='ocrx_word' id='word_1_74' title='bbox 489 1713 642 1802; x_wconf 75' lang='grc' dir='ltr'>ἡμετέρων</span> <span class='ocrx_word' id='word_1_75' title='bbox 667 1720 870 1800; x_wconf 77' lang='grc' dir='ltr'>τασσομένους</span> <span class='ocrx_word' id='word_1_76' title='bbox 893 1710 907 1777; x_wconf 88' lang='grc' dir='ltr'>Ι</span> <span class='ocrx_word' id='word_1_77' title='bbox 930 1717 983 1782; x_wconf 83' lang='grc'>48.</span> <span class='ocrx_word' id='word_1_78' title='bbox 1009 1717 1061 1782; x_wconf 85' lang='grc'>10.</span> 
     </span>
    </p>
   </div>
   <div class='ocr_carea' id='block_1_4' title="bbox 379 1963 1335 2052">
    <p class='ocr_par' dir='ltr' id='par_1_6' title="bbox 379 1912 1335 2052">
     <span class='ocr_line' id='line_1_12' title="bbox 379 1963 1335 2052; baseline 0.001 -24"><span class='ocrx_word' id='word_1_79' title='bbox 379 1964 403 2028; x_wconf 91' lang='grc' dir='ltr'><strong>Γ</strong></span> <span class='ocrx_word' id='word_1_80' title='bbox 440 1968 491 2032; x_wconf 82' lang='lat'>15.</span> <span class='ocrx_word' id='word_1_81' title='bbox 527 1968 546 2030; x_wconf 88' lang='grc'>8</span> <span class='ocrx_word' id='word_1_82' title='bbox 581 1967 716 2052; x_wconf 75' lang='lat' dir='ltr'>legitur:</span> <span class='ocrx_word' id='word_1_83' title='bbox 745 1974 801 2027; x_wconf 81' lang='grc' dir='ltr'>των</span> <span class='ocrx_word' id='word_1_84' title='bbox 825 1965 929 2049; x_wconf 76' lang='lat' dir='ltr'>(relat.</span> <span class='ocrx_word' id='word_1_85' title='bbox 955 1996 996 2019; x_wconf 89' lang='lat'><strong><em>=</em></strong></span> <span class='ocrx_word' id='word_1_86' title='bbox 1021 1975 1076 2028; x_wconf 83' lang='grc' dir='ltr'>τῶν</span> <span class='ocrx_word' id='word_1_87' title='bbox 1101 1966 1273 2050; x_wconf 77' lang='grc' dir='ltr'>βασιλέων),</span> <span class='ocrx_word' id='word_1_88' title='bbox 1297 1963 1335 2050; x_wconf 78' lang='grc' dir='ltr'>ἢν</span> 
     </span>
    </p>
   </div>
   <div class='ocr_carea' id='block_1_5' title="bbox 207 2086 1334 3806">
    <p class='ocr_par' dir='ltr' id='par_1_7' title="bbox 207 2086 1334 3806">
     <span class='ocr_line' id='line_1_13' title="bbox 272 2086 1333 2179; baseline -0.001 -26"><span class='ocrx_word' id='word_1_89' title='bbox 272 2095 326 2153; x_wconf 80' lang='grc' dir='ltr'>καί</span> <span class='ocrx_word' id='word_1_90' title='bbox 350 2113 471 2179; x_wconf 87' lang='grc' dir='ltr'>σρεων</span> <span class='ocrx_word' id='word_1_91' title='bbox 495 2089 673 2165; x_wconf 73' lang='grc' dir='ltr'>ἀποστέωσι,</span> <span class='ocrx_word' id='word_1_92' title='bbox 698 2087 780 2175; x_wconf 76' lang='grc' dir='ltr'>ὅμως</span> <span class='ocrx_word' id='word_1_93' title='bbox 804 2095 878 2153; x_wconf 89' lang='grc' dir='ltr'>τοῖσί</span> <span class='ocrx_word' id='word_1_94' title='bbox 902 2113 935 2169; x_wconf 88' lang='grc' dir='ltr'>γε</span> <span class='ocrx_word' id='word_1_95' title='bbox 952 2093 1037 2153; x_wconf 86' lang='grc' dir='ltr'>παισὶ</span> <span class='ocrx_word' id='word_1_96' title='bbox 1050 2086 1145 2153; x_wconf 76' lang='grc' dir='ltr'>αὐτων</span> <span class='ocrx_word' id='word_1_97' title='bbox 1158 2088 1333 2153; x_wconf 79' lang='grc' dir='ltr'>ἀποδιδοῦσι</span> 
     </span>
     <span class='ocr_line' id='line_1_14' title="bbox 272 2199 1333 2303; baseline 0.001 -24"><span class='ocrx_word' id='word_1_98' title='bbox 272 2220 324 2302; x_wconf 65' lang='grc' dir='ltr'>τὴν</span> <span class='ocrx_word' id='word_1_99' title='bbox 352 2213 462 2303; x_wconf 75' lang='grc' dir='ltr'>ἀρχήν.</span> <span class='ocrx_word' id='word_1_100' title='bbox 508 2216 597 2293; x_wconf 78' lang='lat' dir='ltr'>Quod</span> <span class='ocrx_word' id='word_1_101' title='bbox 628 2217 809 2300; x_wconf 88' lang='lat' dir='ltr'>exemplum</span> <span class='ocrx_word' id='word_1_102' title='bbox 838 2217 884 2280; x_wconf 77' lang='lat' dir='ltr'>ita</span> <span class='ocrx_word' id='word_1_103' title='bbox 906 2221 1011 2283; x_wconf 79' lang='lat' dir='ltr'>verto:</span> <span class='ocrx_word' id='word_1_104' title='bbox 1038 2220 1068 2280; x_wconf 81' lang='lat' dir='ltr'>&#39;a</span> <span class='ocrx_word' id='word_1_105' title='bbox 1090 2218 1205 2300; x_wconf 86' lang='lat' dir='ltr'>quibus</span> <span class='ocrx_word' id='word_1_106' title='bbox 1228 2199 1333 2300; x_wconf 62' lang='lat' dir='ltr'>ipsis</span> 
     </span>
     <span class='ocr_line' id='line_1_15' title="bbox 273 2342 1334 2427; baseline 0 -21"><span class='ocrx_word' id='word_1_107' title='bbox 273 2342 398 2406; x_wconf 77' lang='lat' dir='ltr'>etiamsi</span> <span class='ocrx_word' id='word_1_108' title='bbox 433 2342 628 2422; x_wconf 75' lang='lat' dir='ltr'>defecerunt,</span> <span class='ocrx_word' id='word_1_109' title='bbox 658 2346 768 2406; x_wconf 78' lang='lat' dir='ltr'>tamen</span> <span class='ocrx_word' id='word_1_110' title='bbox 790 2343 899 2407; x_wconf 83' lang='lat' dir='ltr'>liberis</span> <span class='ocrx_word' id='word_1_111' title='bbox 924 2346 1009 2406; x_wconf 76' lang='lat' dir='ltr'>certe</span> <span class='ocrx_word' id='word_1_112' title='bbox 1034 2365 1142 2407; x_wconf 87' lang='lat' dir='ltr'>eorum</span> <span class='ocrx_word' id='word_1_113' title='bbox 1164 2343 1334 2427; x_wconf 88' lang='lat' dir='ltr'>imperium</span> 
     </span>
     <span class='ocr_line' id='line_1_16' title="bbox 271 2467 1334 2555; baseline 0.001 -23"><span class='ocrx_word' id='word_1_114' title='bbox 271 2468 435 2547; x_wconf 74' lang='lat' dir='ltr'>reddunt’3</span> <span class='ocrx_word' id='word_1_115' title='bbox 472 2469 565 2532; x_wconf 83' lang='lat' dir='ltr'>oredo</span> <span class='ocrx_word' id='word_1_116' title='bbox 599 2467 708 2553; x_wconf 70' lang='lat' dir='ltr'>igiiur,</span> <span class='ocrx_word' id='word_1_117' title='bbox 745 2471 852 2555; x_wconf 78' lang='grc' dir='ltr'>σφέων,</span> <span class='ocrx_word' id='word_1_118' title='bbox 888 2492 958 2552; x_wconf 83' lang='lat' dir='ltr'>quae</span> <span class='ocrx_word' id='word_1_119' title='bbox 993 2472 1042 2533; x_wconf 70' lang='lat' dir='ltr'>esi¹</span> <span class='ocrx_word' id='word_1_120' title='bbox 1071 2469 1226 2554; x_wconf 73' lang='lat' dir='ltr'>oppositio</span> <span class='ocrx_word' id='word_1_121' title='bbox 1249 2469 1334 2533; x_wconf 65' lang='lat' dir='ltr'>inber</span> 
     </span>
     <span class='ocr_line' id='line_1_17' title="bbox 272 2589 1331 2678; baseline 0.001 -20"><span class='ocrx_word' id='word_1_122' title='bbox 272 2595 351 2658; x_wconf 91' lang='lat' dir='ltr'>illud</span> <span class='ocrx_word' id='word_1_123' title='bbox 387 2598 419 2658; x_wconf 78' lang='lat' dir='ltr'>et</span> <span class='ocrx_word' id='word_1_124' title='bbox 448 2589 523 2656; x_wconf 85' lang='grc' dir='ltr'>τοῖσί</span> <span class='ocrx_word' id='word_1_125' title='bbox 547 2614 579 2673; x_wconf 82' lang='grc' dir='ltr'>γε</span> <span class='ocrx_word' id='word_1_126' title='bbox 604 2596 689 2656; x_wconf 83' lang='grc' dir='ltr'>παισί</span> <span class='ocrx_word' id='word_1_127' title='bbox 713 2589 819 2668; x_wconf 68' lang='grc' dir='ltr'>αὐτῶν,</span> <span class='ocrx_word' id='word_1_128' title='bbox 842 2595 876 2658; x_wconf 85' lang='lat' dir='ltr'>vi</span> <span class='ocrx_word' id='word_1_129' title='bbox 898 2618 984 2658; x_wconf 84' lang='lat' dir='ltr'>mere</span> <span class='ocrx_word' id='word_1_130' title='bbox 1009 2596 1252 2661; x_wconf 76' lang='lat' dir='ltr'>determinativa</span> <span class='ocrx_word' id='word_1_131' title='bbox 1276 2596 1331 2678; x_wconf 75' lang='lat' dir='ltr'>(z</span> 
     </span>
     <span class='ocr_line' id='line_1_18' title="bbox 207 2718 1333 2804; baseline 0.001 -21"><span class='ocrx_word' id='word_1_132' title='bbox 207 2757 211 2764; x_wconf 83' lang='lat'><strong>.</strong></span> <span class='ocrx_word' id='word_1_133' title='bbox 271 2718 353 2803; x_wconf 80' lang='lat' dir='ltr'>ipse)</span> <span class='ocrx_word' id='word_1_134' title='bbox 384 2742 487 2803; x_wconf 88' lang='lat' dir='ltr'>neque</span> <span class='ocrx_word' id='word_1_135' title='bbox 519 2720 630 2783; x_wconf 84' lang='lat' dir='ltr'>eadem</span> <span class='ocrx_word' id='word_1_136' title='bbox 652 2720 806 2785; x_wconf 72' lang='lat' dir='ltr'>reflexion</span> <span class='ocrx_word' id='word_1_137' title='bbox 830 2743 897 2784; x_wconf 84' lang='lat' dir='ltr'>esse</span> <span class='ocrx_word' id='word_1_138' title='bbox 920 2722 1101 2803; x_wconf 79' lang='lat' dir='ltr'>praeditum.</span> <span class='ocrx_word' id='word_1_139' title='bbox 1147 2720 1216 2785; x_wconf 88' lang='lat' dir='ltr'>Nec</span> <span class='ocrx_word' id='word_1_140' title='bbox 1239 2722 1333 2804; x_wconf 84' lang='lat' dir='ltr'>plura</span> 
     </span>
     <span class='ocr_line' id='line_1_19' title="bbox 271 2845 1332 2930; baseline 0.003 -22"><span class='ocrx_word' id='word_1_141' title='bbox 271 2847 340 2929; x_wconf 81' lang='lat' dir='ltr'>ejus</span> <span class='ocrx_word' id='word_1_142' title='bbox 375 2845 502 2929; x_wconf 80' lang='lat' dir='ltr'>generis</span> <span class='ocrx_word' id='word_1_143' title='bbox 536 2845 682 2928; x_wconf 83' lang='lat' dir='ltr'>exempla</span> <span class='ocrx_word' id='word_1_144' title='bbox 715 2846 832 2911; x_wconf 82' lang='lat' dir='ltr'>inveni.</span> <span class='ocrx_word' id='word_1_145' title='bbox 877 2845 962 2909; x_wconf 84' lang='lat' dir='ltr'>Nam</span> <span class='ocrx_word' id='word_1_146' title='bbox 991 2848 1074 2930; x_wconf 88' lang='lat' dir='ltr'>quod</span> <span class='ocrx_word' id='word_1_147' title='bbox 1098 2846 1268 2911; x_wconf 76' lang='lat' dir='ltr'>Abiohtius</span> <span class='ocrx_word' id='word_1_148' title='bbox 1291 2849 1332 2911; x_wconf 82' lang='lat' dir='ltr'>ad</span> 
     </span>
     <span class='ocr_line' id='line_1_20' title="bbox 271 2966 1331 3055; baseline 0.002 -25"><span class='ocrx_word' id='word_1_149' title='bbox 271 2967 296 3030; x_wconf 81' lang='lat' dir='ltr'>E</span> <span class='ocrx_word' id='word_1_150' title='bbox 331 2972 384 3034; x_wconf 85' lang='lat'>33.</span> <span class='ocrx_word' id='word_1_151' title='bbox 420 2970 461 3032; x_wconf 82' lang='lat'>15</span> <span class='ocrx_word' id='word_1_152' title='bbox 497 2966 686 3051; x_wconf 72' lang='grc' dir='ltr'>(ἐξαγγέλλει</span> <span class='ocrx_word' id='word_1_153' title='bbox 721 2992 766 3040; x_wconf 91' lang='grc' dir='ltr'>τις</span> <span class='ocrx_word' id='word_1_154' title='bbox 796 2980 836 3051; x_wconf 76' lang='grc' dir='ltr'>τῷ</span> <span class='ocrx_word' id='word_1_155' title='bbox 860 2966 1073 3055; x_wconf 74' lang='grc' dir='ltr'>Ἀρισταγόρῃ,</span> <span class='ocrx_word' id='word_1_156' title='bbox 1098 2967 1143 3032; x_wconf 78' lang='grc' dir='ltr'>ότι</span> <span class='ocrx_word' id='word_1_157' title='bbox 1166 2973 1213 3033; x_wconf 84' lang='grc' dir='ltr'>τὸν</span> <span class='ocrx_word' id='word_1_158' title='bbox 1238 2970 1331 3043; x_wconf 77' lang='grc' dir='ltr'>ξεῖνόν</span> 
     </span>
     <span class='ocr_line' id='line_1_21' title="bbox 271 3075 1331 3179; baseline 0.002 -23"><span class='ocrx_word' id='word_1_159' title='bbox 271 3091 299 3156; x_wconf 86' lang='grc' dir='ltr'>οἱ</span> <span class='ocrx_word' id='word_1_160' title='bbox 324 3141 330 3155; x_wconf 92' lang='grc'><em>.</em></span> <span class='ocrx_word' id='word_1_161' title='bbox 356 3141 364 3155; x_wconf 92' lang='grc'><strong>.</strong></span> <span class='ocrx_word' id='word_1_162' title='bbox 390 3145 397 3159; x_wconf 87' lang='grc'><strong>.</strong></span> <span class='ocrx_word' id='word_1_163' title='bbox 433 3075 619 3179; x_wconf 79' lang='grc' dir='ltr'>Μεγαβάτης</span> <span class='ocrx_word' id='word_1_164' title='bbox 655 3094 750 3179; x_wconf 76' lang='grc' dir='ltr'>δήσας</span> <span class='ocrx_word' id='word_1_165' title='bbox 780 3091 966 3179; x_wconf 88' lang='grc' dir='ltr'>λυμαίνοιτο)</span> <span class='ocrx_word' id='word_1_166' title='bbox 1002 3097 1089 3176; x_wconf 75' lang='lat' dir='ltr'>dicit,</span> <span class='ocrx_word' id='word_1_167' title='bbox 1115 3098 1162 3158; x_wconf 85' lang='grc' dir='ltr'>τὸν</span> <span class='ocrx_word' id='word_1_168' title='bbox 1186 3096 1279 3167; x_wconf 79' lang='grc' dir='ltr'>ξεῖνόν</span> <span class='ocrx_word' id='word_1_169' title='bbox 1303 3092 1331 3158; x_wconf 83' lang='grc' dir='ltr'>οἱ</span> 
     </span>
     <span class='ocr_line' id='line_1_22' title="bbox 272 3216 1330 3305; baseline 0.002 -21"><span class='ocrx_word' id='word_1_170' title='bbox 272 3220 357 3284; x_wconf 88' lang='lat' dir='ltr'>idem</span> <span class='ocrx_word' id='word_1_171' title='bbox 390 3221 497 3284; x_wconf 77' lang='lat' dir='ltr'>valere</span> <span class='ocrx_word' id='word_1_172' title='bbox 533 3223 628 3304; x_wconf 75' lang='lat' dir='ltr'>atque</span> <span class='ocrx_word' id='word_1_173' title='bbox 652 3216 762 3282; x_wconf 77' lang='grc' dir='ltr'>ἑωυτοῦ</span> <span class='ocrx_word' id='word_1_174' title='bbox 787 3223 835 3282; x_wconf 85' lang='grc' dir='ltr'>τὸν</span> <span class='ocrx_word' id='word_1_175' title='bbox 859 3220 961 3295; x_wconf 80' lang='grc' dir='ltr'>ξεῖνον,</span> <span class='ocrx_word' id='word_1_176' title='bbox 986 3244 1078 3286; x_wconf 90' lang='lat' dir='ltr'><strong>suum</strong></span> <span class='ocrx_word' id='word_1_177' title='bbox 1100 3222 1200 3305; x_wconf 87' lang='lat' dir='ltr'>ipsius</span> <span class='ocrx_word' id='word_1_178' title='bbox 1223 3222 1330 3305; x_wconf 86' lang='lat' dir='ltr'>hospi-</span> 
     </span>
     <span class='ocr_line' id='line_1_23' title="bbox 270 3344 1331 3431; baseline 0.005 -24"><span class='ocrx_word' id='word_1_179' title='bbox 270 3348 346 3424; x_wconf 76' lang='lat' dir='ltr'>tem,</span> <span class='ocrx_word' id='word_1_180' title='bbox 382 3348 484 3425; x_wconf 71' lang='lat' dir='ltr'>errai3</span> <span class='ocrx_word' id='word_1_181' title='bbox 520 3369 594 3409; x_wconf 84' lang='lat' dir='ltr'>nam</span> <span class='ocrx_word' id='word_1_182' title='bbox 630 3344 858 3429; x_wconf 80' lang='lat' dir='ltr'>(praeterquam</span> <span class='ocrx_word' id='word_1_183' title='bbox 889 3347 972 3429; x_wconf 91' lang='lat' dir='ltr'>quod</span> <span class='ocrx_word' id='word_1_184' title='bbox 991 3349 1064 3431; x_wconf 87' lang='lat' dir='ltr'>jure</span> <span class='ocrx_word' id='word_1_185' title='bbox 1088 3348 1197 3411; x_wconf 83' lang='lat' dir='ltr'>mirari</span> <span class='ocrx_word' id='word_1_186' title='bbox 1220 3370 1331 3431; x_wconf 85' lang='lat' dir='ltr'>possu-</span> 
     </span>
     <span class='ocr_line' id='line_1_24' title="bbox 269 3455 1330 3565; baseline 0.004 -32"><span class='ocrx_word' id='word_1_187' title='bbox 269 3493 350 3550; x_wconf 74' lang='lat' dir='ltr'>mne,</span> <span class='ocrx_word' id='word_1_188' title='bbox 374 3493 447 3534; x_wconf 91' lang='lat' dir='ltr'>eum</span> <span class='ocrx_word' id='word_1_189' title='bbox 469 3494 642 3554; x_wconf 80' lang='lat' dir='ltr'>pronomen</span> <span class='ocrx_word' id='word_1_190' title='bbox 658 3471 846 3565; x_wconf 66' lang='lat' dir='ltr'>reflexivum</span> <span class='ocrx_word' id='word_1_191' title='bbox 861 3471 908 3535; x_wconf 74' lang='lat' dir='ltr'>ita</span> <span class='ocrx_word' id='word_1_192' title='bbox 923 3473 1121 3537; x_wconf 76' lang='lat' dir='ltr'>substantivo</span> <span class='ocrx_word' id='word_1_193' title='bbox 1134 3455 1330 3557; x_wconf 59' lang='lat' dir='ltr'>adjunxisse)</span> 
     </span>
     <span class='ocr_line' id='line_1_25' title="bbox 270 3590 1330 3682; baseline 0.003 -23"><span class='ocrx_word' id='word_1_194' title='bbox 270 3599 305 3659; x_wconf 76' lang='lat' dir='ltr'>ut</span> <span class='ocrx_word' id='word_1_195' title='bbox 329 3590 359 3657; x_wconf 85' lang='grc' dir='ltr'>οἷ</span> <span class='ocrx_word' id='word_1_196' title='bbox 379 3596 502 3661; x_wconf 82' lang='lat' dir='ltr'>vicibus</span> <span class='ocrx_word' id='word_1_197' title='bbox 526 3597 662 3681; x_wconf 72' lang='lat' dir='ltr'>genitivi</span> <span class='ocrx_word' id='word_1_198' title='bbox 685 3592 855 3680; x_wconf 79' lang='lat' dir='ltr'>possessivi</span> <span class='ocrx_word' id='word_1_199' title='bbox 878 3596 1033 3682; x_wconf 75' lang='lat' dir='ltr'>fungitur,</span> <span class='ocrx_word' id='word_1_200' title='bbox 1058 3598 1250 3661; x_wconf 68' lang='lat' dir='ltr'>sicientem</span> <span class='ocrx_word' id='word_1_201' title='bbox 1264 3599 1330 3662; x_wconf 87' lang='lat' dir='ltr'>vim</span> 
     </span>
     <span class='ocr_line' id='line_1_26' title="bbox 271 3721 1329 3806; baseline 0.003 -22"><span class='ocrx_word' id='word_1_202' title='bbox 271 3721 547 3786; x_wconf 76' lang='lat' dir='ltr'>determinativam</span> <span class='ocrx_word' id='word_1_203' title='bbox 571 3722 600 3785; x_wconf 91' lang='lat' dir='ltr'>ei</span> <span class='ocrx_word' id='word_1_204' title='bbox 623 3722 764 3787; x_wconf 76' lang='lat' dir='ltr'>tribuere</span> <span class='ocrx_word' id='word_1_205' title='bbox 786 3745 848 3787; x_wconf 90' lang='lat' dir='ltr'>non</span> <span class='ocrx_word' id='word_1_206' title='bbox 863 3745 941 3806; x_wconf 83' lang='lat' dir='ltr'>opus</span> <span class='ocrx_word' id='word_1_207' title='bbox 965 3725 1022 3802; x_wconf 77' lang='lat' dir='ltr'>est,</span> <span class='ocrx_word' id='word_1_208' title='bbox 1048 3726 1081 3786; x_wconf 72' lang='lat' dir='ltr'>et</span> <span class='ocrx_word' id='word_1_209' title='bbox 1103 3723 1183 3786; x_wconf 87' lang='lat' dir='ltr'>illud</span> <span class='ocrx_word' id='word_1_210' title='bbox 1206 3724 1243 3787; x_wconf 79' lang='lat' dir='ltr'>fit</span> <span class='ocrx_word' id='word_1_211' title='bbox 1257 3746 1329 3787; x_wconf 81' lang='lat' dir='ltr'>sex-</span> 
     </span>
    </p>
   </div>
   <div class='ocr_carea' id='block_1_6' title="bbox 270 3846 400 3910">
    <p class='ocr_par' dir='ltr' id='par_1_8' title="bbox 270 3846 400 3910">
     <span class='ocr_line' id='line_1_27' title="bbox 270 3846 400 3910; baseline 0.015 -2"><span class='ocrx_word' id='word_1_212' title='bbox 270 3846 400 3910; x_wconf 78' lang='lat' dir='ltr'>centien</span> 
     </span>
    </p>
   </div>
   <div class='ocr_carea' id='block_1_7' title="bbox 0 0 1564 4950">
    <p class='ocr_par' dir='ltr' id='par_1_9' title="bbox 0 0 1564 4950">
     <span class='ocr_line' id='line_1_28' title="bbox 0 0 1564 4950; baseline 0 2"><span class='ocrx_word' id='word_1_213' title='bbox 0 0 1564 4950; x_wconf 95' lang='lat' dir='ltr'> </span> 
     </span>
    </p>
   </div>
  </div>
 </body>
</html>
