3117 4950
644 376 815 439 --77-

185 559 262 640 μετά
285 578 318 635 γε
343 552 508 626 ἑωυτοίς
531 556 663 638 (directe
687 553 889 637 reflexivum)
915 605 972 619 ...
996 551 1108 640 ἥκιστα
1129 553 1161 616 δὲ
1178 555 1247 624 τοὺς

186 680 333 745 ἑωυτῶν
369 678 525 744 ἑκαστάτω
559 677 737 766 οἰκημένους
767 679 798 744 ἐν
826 690 897 764 τιμῇ
922 679 1054 759 ἄγονται,
1079 682 1248 762 νομίζοντες

185 804 355 878 ἑωυτοὺς
377 808 570 891 (subjeetum
593 807 771 891 commune)
796 804 872 869 εἶναι
897 854 903 866 .
930 852 937 866 .
963 853 969 866 .
997 799 1145 886 ἀρίστους,
1172 853 1179 866 .
1206 853 1213 866 .
1240 853 1247 866 .

184 934 254 1003 τοὺς
284 933 317 996 δέ
350 930 505 994 ἑκαστάτω
529 929 683 1003 οἰκέοντας
707 929 765 995 ἀπὸ
791 929 907 995 ἑωυτῶν
931 925 1094 1000 κακίστους
1117 927 1194 993 εἶναι
1218 931 1248 995 Α

186 1060 261 1124 134.
287 1059 411 1137 6-13;
435 1054 462 1119 Β
486 1061 516 1124 2.
542 1061 627 1122 2-6
652 1055 795 1142 (ἑωυτοὺς
818 1060 999 1142 subjectum
1022 1080 1187 1121 commune
1205 1095 1246 1102 -

185 1183 300 1248 ἑωυτῶν
335 1186 489 1250 indirecte
525 1184 712 1249 reflexivum
747 1185 787 1248 ad
820 1184 1015 1249 infinitivum
1047 1219 1087 1226 -
1120 1179 1249 1252 ἑωυτοάς
1329 1152 1335 1165 ’

185 1313 366 1395 subjeetum
389 1292 577 1393 cominune).

227 1522 230 1531 ς
293 1431 388 1523 σμὲας
427 1436 482 1518 (=
518 1436 587 1505 τοὺς
625 1431 867 1505 Μεταποντίνους
906 1436 960 1518 qui
995 1433 1179 1518 loquuntur)
1216 1432 1248 1495 δὲ

185 1558 405 1624 Μεταποντῖνοι
435 1561 556 1640 λέγουσι
582 1613 588 1625 ,
614 1608 620 1622 .
647 1608 654 1622 .
679 1563 726 1623 τὸν
751 1561 824 1623 θεὸν
849 1558 1012 1642 ἐπειρωτᾶν
1042 1606 1049 1620 .
1076 1611 1082 1624 .
1108 1606 1123 1631 .,
1141 1562 1192 1643 τὴν
1217 1557 1249 1620 δέ

185 1682 307 1771 Πυθίην
331 1691 427 1774 σφέας
449 1686 584 1748 κελείιειν
608 1687 775 1748 πείθεσθαι
799 1695 840 1768 τῷ
864 1689 998 1772 φάσματι
1016 1686 1137 1758 .,.καί
1154 1688 1250 1771 σφέας

187 1811 368 1896 δεξαμένους
388 1819 486 1903 ταῦτα
509 1820 633 1896 ποιησαι
657 1807 799 1873 ἐπιτελέα
823 1807 847 1871 Δ
872 1811 924 1876 15.
950 1810 1091 1875 13-16,

294 1931 365 1998 Otn'
401 1935 459 2022 ἔφη
490 1935 575 1998 δικῶν
605 1934 657 1997 ἐ’τι·
683 1931 716 1997 οὐ
740 1939 798 2017 γάρ
822 1931 849 1997 οί
874 1933 961 2018 (sibi)
986 1929 1168 1997 λυσιτελέειν
1192 1943 1248 1997 τῶν

186 2059 297 2124 ἑωυτοῦ
322 2059 531 2146 ἐξημεληκότα
554 2060 624 2144 (sua
646 2059 829 2146 negligens)
854 2068 929 2121 τοῖσι
953 2055 1074 2128 πέλας.
1100 2106 1107 2120 .
1133 2107 1140 2120 .
1163 2057 1250 2120 δικά-

189 2190 249 2259 ζειν
274 2187 304 2250 Α
328 2187 381 2252 97..
406 2188 436 2251 5.

294 2311 373 2376 Haee
403 2313 510 2375 inveni
540 2311 689 2394 exempla¹
710 2312 842 2375 duorum
865 2311 1098 2390 reflexivorum,
1123 2333 1193 2394 quse
1217 2311 1251 2373 in

143 2481 146 2494 ·
187 2439 300 2503 eudem
334 2437 550 2503 enuntiatione
581 2437 786 2503 inveniuntur
815 2458 985 2520 eorumque
1009 2458 1107 2501 unum
1131 2437 1250 2501 directe

187 2565 375 2634 reflexiuum
406 2567 454 2628 est
483 2567 516 2627 et
538 2565 718 2647 subjeetum
742 2563 886 2647 ejusdem
909 2562 1135 2627 enuntiationis
1159 2584 1250 2646 speo-

186 2693 245 2771 tat,
281 2691 417 2754 alterum
451 2690 605 2776 indineote
640 2689 828 2754 reflexivum
864 2692 895 2752 et
930 2689 970 2753 ad
1000 2711 1072 2752 eum
1101 2688 1249 2767 refertur,

189 2817 287 2900 cujus·
313 2838 352 2879 ex
388 2803 492 2879 animo
522 2814 643 2897 aliquid
666 2814 798 2878 dieitur:
824 2808 936 2899 τρέμων
961 2815 1009 2875 τὸν
1034 2807 1117 2898 σφίσι
1141 2833 1172 2873 τε
1197 2811 1249 2895 (de

187 2938 403 3025 loquentibus)
437 2941 490 3002 καὶ
525 2935 624 3022 ἑωυτῶ
655 2938 707 3023 (de
738 2940 882 3023 subjecto
905 2938 1082 3023 participii)
1106 2935 1250 3021 ἔχθιστον

189 3063 215 3127 Β
242 3067 315 3131 169.
341 3066 393 3131 14.

295 3186 424 3273 Δαρείου
460 3194 512 3274 μέν
547 3210 595 3253 νυν
631 3186 649 3276 ἡ
680 3191 782 3274 ηνῶμη
805 3185 841 3273 ἦν
865 3186 991 3257 Σκυθας
1014 3184 1114 3269 ἑωυτῷ
1137 3185 1252 3249 διδόναι

190 3321 286 3404 σφέας
310 3337 341 3377 τε
366 3311 474 3387 αὐτοὺς
496 3317 549 3376 καί
575 3362 582 3376 .
608 3361 615 3377 .
642 3362 648 3378 .
673 3310 698 3375 Δ
723 3315 798 3379 132.
823 3316 860 3392 2;
885 3314 996 3377 eadem
1020 3313 1087 3376 fere
1112 3308 1250 3377 Ζ48.2.
