3117 4950
652 445 825 509 ..37-

307 618 362 687 ναὶ
386 620 423 699 οἱ,
448 620 489 695 ὡς
513 623 674 707 συμβαλὼν
698 618 817 709 ἐνίκησε
841 623 910 694 τοὺς
934 620 1124 706 Ἀσσυρίους,
1142 642 1267 706 περινα-

202 746 318 836 τημὲνιρ
341 746 507 835 τὴνκΝίνον
531 748 649 843 ἐπῆλθε
676 802 682 815 ,
709 801 716 814 .
741 796 748 810 .
773 745 803 808 Α
829 751 903 814 103.
929 751 981 815 12.

311 877 362 939 σὺν
387 871 419 937 δέ
445 870 489 938 οἷς
515 872 536 935 Ζ
560 877 612 940 90.
637 877 673 953 3;
699 870 727 935 Η
752 875 804 939 57.
830 876 881 940 11.

312 1124 383 1202 Mu,
407 1130 490 1212 quod
514 1128 597 1211 apud
621 1126 818 1192 Herodotum
840 1128 922 1191 sieut
944 1149 1070 1211 semper
1086 1127 1268 1192 enclitieum

202 1257 261 1333 est,
285 1276 440 1338 nusquam
464 1277 482 1317 a
505 1253 728 1339 praepositione
752 1253 877 1338 regitur
899 1275 958 1317 nee
981 1254 1113 1338 pluralis
1138 1257 1186 1318 est
1207 1276 1266 1318 nu-

83 1378 90 1395 '
200 1380 297 1457 meri3
322 1381 377 1444 sed
400 1403 458 1463 pro
482 1378 686 1443 substantive
709 1378 849 1462 cujusvis
873 1379 1001 1463 generis
1024 1379 1163 1462 ponitur.

308 1507 357 1587 μίν
380 1504 509 1590 generis
534 1504 703 1568 masculini
726 1507 758 1568 et
781 1504 944 1568 feminini:
968 1505 1021 1565 ναὶ
1044 1501 1153 1590 ἡγυνὴ
1170 1502 1267 1586 ἐποροζι

204 1651 253 1713 μιν
278 1626 392 1702 ἐξιόντα
415 1625 446 1689 Α
472 1630 523 1694 10.
549 1629 584 1707 7;
610 1631 663 1694 30.
689 1631 724 1707 8;
749 1630 878 1712 passim.

309 1749 385 1816 nitu
407 1750 484 1817 ὥστε
509 1753 585 1839 μηδὲ
610 1755 721 1837 μριθεῖν
746 1774 794 1837 μιν
819 1750 961 1840 ὀρδεῖσαν
985 1749 1041 1816 ὑπὸ
1065 1761 1117 1815 σεῦ
1142 1750 1216 1820 Α9.
1231 1755 1265 1834 6;

202 1877 227 1942 Δ
253 1881 327 1945 180.
352 1882 405 1960 20,
431 1881 487 1959 21;
511 1880 640 1963 passim.

312 2008 359 2088 μίν
394 2005 522 2090 generis
557 2005 700 2069 neutrius
732 2004 782 2068 his
805 2004 898 2069 loeis:
935 2001 1134 2087 ἐξεργάσαντο
1159 1999 1191 2066 δέ
1216 2025 1264 2089 μιν

203 2127 230 2194 οἱ
255 2127 391 2212 ἀγοραῖοι
416 2128 580 2211 ἄνθρωποι,
605 2131 660 2195 ubi
684 2132 732 2213 μίν
757 2159 798 2183 --
824 2139 907 2215 σῆμα
930 2130 982 2194 vel
1004 2138 1097 2214 χῶμα
1120 2125 1220 2195 1193.
1234 2132 1264 2209 73

309 2253 500 2338 παραδίδωμι
530 2258 630 2339 μέντοι
658 2253 731 2337 τῷδε
756 2255 835 2316 κατὰ
859 2253 929 2316 τάδε
953 2253 1173 2338 ἐντειλάμενος,
1196 2257 1265 2318 θεῖ-

203 2384 251 2444 ναί
282 2402 330 2464 μιν
362 2382 417 2465 (=
442 2381 474 2441 τὸ
498 2375 628 2463 παιδίον)
652 2377 685 2449 ἐς
708 2378 820 2466 ἔρημον
844 2377 914 2463 ὄρος
937 2380 999 2462 (cfr
1023 2375 1095 2443 αὐτό
1119 2382 1185 2446 ibm
1207 2381 1262 2445 lin.

205 2507 259 2590 14)
283 2502 313 2590 A
339 2507 412 2572 117.
438 2507 496 2585 17;

309 2635 421 2718 τάφρος
444 2634 497 2716 μὲν
521 2635 623 2714 πρῶτά
647 2652 695 2717 μιν
719 2632 775 2715 (--
792 2634 825 2694 τὸ
848 2630 921 2695 ἄστυ
941 2633 973 2693 τὸ
993 2628 1198 2715 Βαβυλώνιον)
1213 2686 1219 2698 .
1234 2685 1263 2700 ..

202 2753 339 2840 περιθέει
362 2754 392 2817 Α
418 2757 490 2822 178.
517 2759 568 2822 12.

308 2885 476 2966 νομίζοντες
506 2877 541 2945 ον’)
571 2883 709 2964 καθαρὸν
741 2878 818 2945 εἶναί
841 2903 889 2965 μιν
914 2880 1034 2965 ὄσπριον
1059 2880 1084 2944 Β
1108 2885 1160 2949 37.
1186 2839 1227 2949 23
1242 2885 1262 2946 ¹.

307 3005 379 3071 ὅκου
404 3011 457 3091 μὲν
481 3009 537 3091 γὰρ
561 2995 673 3087 γίνεται
695 3010 748 3086 μοὶ
771 3004 837 3093 ἥτις
860 3030 908 3092 μιν
932 3018 969 3094 γῆ
989 3006 1175 3097 ἡτρὲμουσά
1190 3007 1263 3085 ἐστι,

202 3129 257 3197 οὖν
280 3132 386 3219 ἔχουσι
416 3130 508 3196 εἰπεῖν
532 3135 587 3199 ubi
610 3136 659 3217 μίν
684 3163 725 3187 =
748 3136 921 3218 κινάμωμον
946 3138 994 3198 est
1017 3131 1041 3196 Γ
1067 3136 1139 3199 111.
1164 3139 1200 3213 3;

310 3313 316 3326 .
342 3307 348 3322 .
376 3307 382 3322 .
407 3262 535 3347 φάμενοί
566 3280 615 3343 μιν
646 3260 701 3343 (--
732 3260 780 3321 τὸν
811 3255 1006 3343 Κλεομένεα)
1037 3254 1091 3322 οὐκ
1120 3256 1199 3323 ἑλεῖν
1229 3262 1262 3322 πὸ

201 3383 329 3468 Ἄργος,
354 3387 464 3468 παρεὸν
489 3379 635 3455 εὐπετέως
659 3406 707 3467 μιν
731 3382 811 3447 ἐλεῐν
836 3382 858 3446 Ζ
881 3387 933 3451 82.
959 3386 1014 3451 22.

311 3620 319 3648 ¹
342 3620 505 3686 „Credentes
523 3619 553 3672 id
565 3637 621 3673 non
634 3636 692 3674 esse
704 3637 805 3688 purum
818 3619 970 3689 legumen.“
1004 3621 1049 3674 Ite
1062 3620 1179 3675 fortasse
1192 3620 1261 3675 Stei-

200 3711 271 3776 nius‚
284 3729 349 3765 num
363 3709 432 3764 dieit
445 3706 488 3779 μίν
500 3731 531 3753 =
544 3705 615 3759 αὐτὸ.
638 3707 785 3762 Abiehtius
796 3711 889 3763 autem
902 3727 935 3774 ex
948 3708 1066 3777 κυάμους
1079 3710 1260 3765 antecedente

202 3798 305 3870 κύαμον
324 3800 411 3864 audit,
430 3803 463 3854 nt
481 3799 540 3868 ejus
560 3798 700 3853 sententie
719 3795 761 3867 μίν
781 3798 890 3868 generis
909 3817 993 3853 masc.
1013 3797 1058 3853 sit.

311 3886 460 3944 'Steinius
479 3888 509 3942 in
528 3888 568 3943 ed.
588 3891 657 3943 tent,
677 3887 711 3941 ad
730 3888 805 3941 hune
823 3888 914 3942 locum
933 3887 1011 3952 dieit,
1031 3886 1074 3957 μὲν
1087 3906 1136 3958 pro
1149 3889 1177 3939 τὸ
1190 3885 1261 3958 Ἀρ-

201 3996 248 4049 γος
266 3979 388 4049 positum
406 3996 472 4043 esse,
491 3978 540 4032 ubi
559 3974 633 4038 πόλις
652 3978 825 4041 obversetur;
845 3995 903 4033 esse
915 3978 1023 4048 generis
1036 3977 1161 4032 neutrius
1174 3977 1260 4032 etiam

202 4066 223 4119 B
243 4070 285 4123 37.
305 4069 351 4134 233
375 4072 508 4136 praeterea
530 4086 586 4123 non
609 4068 664 4122 nisi
683 4068 755 4136 apud
774 4071 872 4137 poetas
891 4100 924 4107 —
944 4085 1005 4136 quae
1024 4067 1112 4137 igitur
1130 4085 1186 4124 non
1205 4085 1261 4124 om·

200 4158 249 4214 nia
267 4157 309 4213 ita
327 4176 356 4213 se
374 4159 483 4224 habere,
503 4158 630 4229 exempla
648 4158 738 4214 allatu
756 4159 915 4214 ostendunt.
1025 4175 1031 4196 ¹
1055 4155 1063 4175 ‘
