3117 4950
715 404 889 466 „12-

374 581 424 645 Ex
449 582 571 645 duabus
596 582 866 645 enuntiationibus
891 580 1032 660 alterius,
1056 582 1082 645 si
1106 581 1248 665 elliptica
1271 585 1329 660 est,

267 708 447 791 subjectum
475 729 551 771 voce
582 729 640 771 sua
669 729 777 770 carere
801 729 864 771 non
886 729 977 790 posse
1002 710 1247 771 consentaneum
1271 712 1329 771 est.

267 830 329 896 Sed
353 833 489 897 alterum
512 833 609 896 etiam
631 833 821 916 subjectum,
852 833 886 896 id
909 832 979 896 dieo
1002 833 1085 916 quod
1107 834 1330 898 terminatione

266 959 357 1023 verbi
397 958 563 1041 praedicati
597 957 767 1036 indicatur,
807 934 945 1040 propter*
978 957 1218 1041 oppositionem,
1258 968 1329 1040 quae

268 1087 316 1147 est
339 1084 430 1147 inter
462 1082 521 1146 hoo
556 1082 697 1166 illudque
733 1084 922 1166 subjectum,
958 1082 1146 1146 nominatim
1180 1083 1332 1147 scribitur

266 1208 352 1271 haud
375 1229 456 1272 raro.

373 1330 432 1417 ἤδη
467 1326 506 1393 ὧν
542 1328 627 1409 ὲηὼῙ
650 1332 767 1415 γνώμην
798 1330 862 1415 ἔχω
886 1378 893 1391 .
920 1377 927 1392 .
953 1378 959 1392 .
985 1332 1022 1392 τὰ
1053 1329 1182 1414 ἔμπαλιν
1205 1328 1225 1416 ἢ
1250 1327 1330 1394 οὗτοι

267 1452 481 1530 Α207.12;
510 1453 681 1520 Α45.11
709 1453 767 1537 (εἷς
792 1455 823 1518 δὲ
848 1451 882 1517 οὐ
906 1457 942 1517 σι’)
967 1504 973 1516 .
1000 1504 1006 1517 .
1034 1503 1040 1517 .
1066 1452 1148 1518 ἀλλὰ
1171 1457 1251 1518 θεῶν
1274 1459 1329 1518 κοί)

267 1578 341 1664 τις)’;
365 1579 390 1642 Δ
415 1583 465 1645 80.
492 1582 532 1645 13
557 1581 694 1664 (στρατιῇ
718 1580 750 1642 δὲ
775 1585 849 1665 μήτε
875 1582 909 1642 σὺ
932 1580 1125 1664 κινδυνεὺσης
1141 1585 1215 1665 μήτε
1233 1578 1314 1663 ἐγὼ),

373 1714 421 1768 νῦν
456 1701 495 1767 ὧν
531 1704 561 1767 εἴ
592 1727 656 1768 τινα
691 1704 775 1789 ἔχεις
810 1709 926 1792 σοφίην,
958 1710 1094 1790 μηχανὲο
1118 1702 1159 1775 ὡς
1183 1703 1329 1793 ἂνὴμεῐς

268 1840 388 1914 σχῶμεν
413 1838 497 1893 τοῦτο
521 1833 552 1892 τὸ
576 1835 668 1912 γέρας
691 1832 744 1892 καὶ
768 1834 810 1915 μὴ
835 1828 931 1901 ἄλλος
954 1853 998 1901 τις
1022 1827 1045 1892 Γ
1070 1833 1122 1896 85.
1147 1833 1177 1896 6.

375 1955 406 2038 β)
434 1955 485 2021 Sic
514 1977 637 2039 quoque
668 1958 769 2040 major
796 1979 893 2039 quam
916 1957 995 2021 solet
1018 1958 1065 2020 vis
1089 1958 1233 2040 subjecto
1256 1958 1329 2021 addi

266 2085 382 2164 potest,
417 2083 445 2144 si
480 2082 575 2145 alicui
609 2082 817 2160 substantivo
852 2083 936 2164 quod
958 2082 1215 2147 terminationem
1239 2105 1329 2146 casus

267 2207 402 2290 alicujus
437 2206 558 2289 obliqui
592 2207 726 2289 aceepit,
766 2208 945 2289 opponitur,
981 2208 1065 2290 quod
1095 2209 1330 2272 substantivum

267 2334 323 2395 aut
352 2332 386 2393 in
413 2330 476 2395 alia
500 2331 716 2395 enuntiatione
740 2332 807 2395 sive
831 2331 1036 2395 subordinate
1058 2332 1124 2395 sive
1149 2333 1332 2397 coordinata

269 2458 324 2520 aut
347 2457 445 2520 etiam
468 2457 500 2519 in
525 2457 637 2524 eadem
661 2457 877 2521 enuntiatione
901 2457 1005 2522 locum
1027 2456 1146 2522 habere
1169 2460 1284 2541 potest.

374 2581 463 2657 Quod
486 2583 513 2645 si
536 2604 587 2645 res
610 2583 656 2645 ita
679 2604 712 2645 se
735 2581 844 2662 habet,
868 2604 953 2665 saepe
969 2583 1015 2661 fit,
1036 2587 1072 2646 ut
1087 2583 1330 2661 substantivum,

267 2708 318 2770 eui
352 2708 546 2771 contrarium
579 2708 673 2786 inest,
708 2710 889 2791 subjeetum
923 2708 1149 2772 enuntiationis
1184 2710 1234 2786 su,
1270 2709 1331 2771 etsi

267 2832 447 2915 conjunctio
476 2833 646 2898 verborum
674 2834 830 2916 ejusmodi
854 2837 911 2911 est,
936 2837 970 2896 ut
993 2833 1216 2896 terminatione
1240 2844 1331 2896 casus

266 2957 387 3040 obliqui
410 2956 544 3040 alicujus
567 2958 609 3020 sit
624 2958 805 3040 praeditum.
844 2957 933 3033 Quod
956 2961 992 3021 ut
1014 2958 1048 3020 in
1063 2958 1168 3021 omnia
1184 2958 1332 3041 exempla

268 3082 371 3160 cadat,
395 3081 489 3166 longe
512 3085 621 3145 tamen
645 3084 746 3147 abest.

373 3208 427 3266 καὶ
457 3201 533 3268 οὕτω
560 3202 628 3268 οὔτε
652 3207 687 3268 σὺ
711 3203 847 3268 ἁλώσεαι
873 3254 878 3267 .
904 3254 912 3268 .
938 3254 945 3267 .
970 3202 1036 3269 οὔτε
1060 3204 1130 3292 ἡμῖν
1153 3217 1257 3278 κακῶς
1281 3208 1332 3289 βε-

269 3326 456 3414 βουλευμένα
480 3329 565 3392 ἔσται
588 3328 618 3391 A
644 3334 717 3412 lla
743 3334 798 3409 133
824 3329 849 3392 E
873 3333 926 3396 39.
951 3333 970 3395 8
995 3330 1039 3412 (εἴ
1059 3353 1102 3394 τοι
1127 3334 1163 3394 σὺ
1188 3381 1194 3394 .
1221 3381 1228 3394 .
1254 3333 1276 3415 )

375 3456 410 3516 σὺ
435 3458 488 3538 μὲν
513 3502 519 3515 .
546 3502 553 3516 .
580 3503 587 3517 .
611 3459 740 3540 ποιήσας
756 3458 790 3517 τὸ
805 3456 1003 3539 κελευόμενον
1020 3452 1116 3542 αἰτίην
1133 3454 1331 3544 ἐκπέφευγας·

268 3576 336 3661 ἐμοὶ
360 3578 393 3642 δὲ
418 3583 462 3650 τίς
479 3576 515 3642 ἂν
532 3579 579 3665 εἴη
596 3577 671 3667 ἀνηρ
687 3577 829 3663 Περσέων
846 3578 862 3643 ὁ
878 3579 1064 3651 ἐπανεστεὼς
1082 3628 1088 3643 .
1108 3629 1114 3643 .
1133 3603 1151 3656 .;
1177 3578 1331 3646 Γ63.14.

376 3707 412 3765 τά
444 3727 477 3767 σε
505 3707 562 3766 οιαὶ
586 3707 682 3768 πάλαι
706 3703 802 3769 δοκέω
826 3703 1086 3791 ἐκμεμαθηκέναι,
1112 3703 1163 3769 σέο
1187 3728 1217 3767 τε
1243 3702 1332 3768 αὐτοῦ

377 4006 386 4032 ¹
406 4006 468 4077 ἐγώ,
486 4009 560 4076 quod
578 4008 700 4063 Steinius
719 4009 748 4063 in
767 4013 886 4079 utraque
904 4010 1026 4065 editione
1039 4008 1142 4073 omisit,
1156 4028 1218 4063 eum
1231 4009 1333 4063 Abioh-

267 4095 308 4150 tio
328 4096 436 4163 addidi3
456 4101 500 4153 est
518 4098 592 4153 enim
610 4098 640 4152 in
660 4098 826 4168 quibusdam
845 4099 925 4154 libris
944 4099 1000 4154 MS.
