3117 4950
660 451 832 516 ..29-

217 634 354 720 quadam
384 634 503 698 dicium
534 655 601 698 esse
632 633 802 718 significet.
856 630 935 696 Sunt
958 632 1029 696 aliae
1054 631 1188 695 aliorum
1211 629 1280 713 opi-

192 763 336 841 niones,
362 784 424 845 quo
447 765 517 825 ortu
540 764 616 825 nala
640 760 681 824 sil
704 760 772 823 haec
797 758 964 841 particula.
1004 756 1278 841 Naegelsbaehius,

217 904 312 972 'quem
344 886 513 952 Oauerus¹
536 886 688 969 sequitur,
720 884 985 949 verisimillimum
1010 906 1077 946 esse
1102 883 1216 962 docuit,
1241 905 1279 946 ex

218 1014 323 1077 ethica
352 1013 384 1077 vi
416 1012 514 1076 dalivi
538 1011 709 1096 singularis
732 1010 911 1093 profectum
934 1031 1001 1072 esse
1024 1031 1117 1072 usum
1140 1011 1183 1069 τοί
1206 1031 1280 1090 pro·

218 1139 352 1203 nominis
382 1160 440 1221 pro
469 1137 627 1220 particula
657 1136 846 1199 affirmativa
877 1135 981 1218 positi.
1023 1124 1131 1209 >(luam
1153 1137 1280 1196 senlen-

206 1265 296 1328 ·iiam
327 1267 358 1326 et
388 1263 514 1326 aliunde
546 1263 711 1326 confirmat
743 1264 775 1324 el
805 1261 889 1340 inde,
914 1260 997 1343 quod
1022 1263 1076 1323 aut
1099 1260 1281 1342 loquentem

218 1392 365 1472 spectans
396 1392 450 1451 aui
482 1388 662 1451 audientem
691 1388 725 1449 in
757 1386 911 1469 colloquio
935 1386 1040 1469 aliquo
1064 1385 1280 1462 describendo

218 1514 302 1596 quod
325 1513 512 1596 plerumque
536 1512 620 1576 inler
637 1513 722 1591 duos
747 1533 983 1595 nonnumquam
999 1512 1083 1574 inker
1098 1511 1205 1593 plures
1223 1511 1280 1588 esi,

218 1661 347 1721 perraro
370 1639 404 1701 in
427 1638 497 1721 ipsa
520 1638 700 1702 narratione
724 1638 892 1720 reperitur.
939 1637 988 1700 Ex
1009 1659 1070 1720 quo
1086 1636 1207 1699 facium
1223 1638 1281 1713 est,

219 1767 255 1828 ul
277 1764 362 1827 haud
386 1763 495 1846 paucis
518 1763 595 1827 locis
619 1763 746 1827 difficile
770 1764 812 1826 sis
836 1763 1021 1845 dijudicalu‚
1045 1761 1288 1845 pronominisne'

219 1912 261 1953 an
283 1889 448 1972 parlieulae
472 1888 537 1951 vim
560 1872 687 1952 habeat.

327 2014 425 2098 Cujus
448 2015 495 2077 rei
519 2014 669 2077 nonnulla
693 2013 839 2096 exempla
863 2013 1025 2075 afferenda
1048 2014 1140 2095 pulo:

325 2134 356 2201 A
381 2139 454 2204 207.
481 2140 521 2202 15
546 2135 572 2200 εἰ
596 2139 653 2221 γὰρ
677 2122 867 2223 ὲθελήᾶομεν
891 2132 1076 2208 ἐσδέξασθαι
1099 2137 1167 2206 τοὺς
1190 2134 1282 2197 πολε-

220 2268 307 2351 μίους
337 2261 370 2333 ἐς
400 2267 451 2348 τὴν
481 2266 593 2348 χώρην,
625 2261 675 2325 ὅδε
700 2284 744 2324 τοι
768 2260 799 2325 ἐν
824 2256 902 2344 αὐτῷ
926 2261 1060 2332 κίνδυνος
1083 2260 1135 2334 ἔνι,
1160 2262 1214 2326 ubi
1239 2263 1282 2322 τοί

221 2391 345 2454 dativus
370 2388 492 2453 ethicus
516 2390 576 2468 vel,
601 2390 685 2472 quod
708 2411 769 2452 non
793 2388 928 2451 mullum
953 2388 1069 2465 differi,
1094 2387 1282 2450 affirmativa

220 2516 378 2600 particula
413 2537 481 2578 esse
512 2518 632 2598 polesl3
668 2516 723 2578 sed
754 2536 852 2597 quum
875 2514 943 2577 haec
967 2516 1143 2596 sequuntur
1165 2514 1280 2577 verba:

222 2731 433 2739 ———-—

219 2873 333 2943 ponitur
360 2876 388 2927 el
413 2890 475 2926 cum
494 2877 530 2940 τῷ
548 2871 688 2941 particula
706 2871 854 2926 Homerica
873 2870 916 2935 (=
937 2871 1043 2939 itaque)
1063 2870 1202 2925 artissime
1222 2888 1284 2925 con·

218 2964 318 3032 juncta
347 2966 390 3017 est
419 2961 543 3028 (Kiihner
569 2962 596 3014 Π
615 2961 630 3027 ξ
649 2962 709 3025 507,
729 2962 761 3015 Α.
781 2962 811 3026 2;
839 2961 963 3016 Cauerl.
983 2962 1002 3013 1.
1022 2978 1085 3030 pag.
1107 2960 1178 3028 141).
1216 2957 1283 3028 Ejus

224 3056 319 3107 autem
352 3051 474 3120 vestigia
496 3050 551 3104 nisi
585 3051 614 3104 in
642 3051 811 3120 compositis,
835 3068 896 3119 quae
926 3054 991 3104 sunt
1018 3049 1118 3119 τοιγάρ,
1145 3048 1285 3119 τοιγάρτοι,

221 3148 369 3211 τοιγαροῦν,
398 3139 481 3192 τοίνυν
506 3140 618 3206 similia,
641 3158 697 3195 non
715 3145 914 3195 remanserunt.
953 3140 1072 3194 Cauerus
1100 3143 1129 3194 el
1156 3139 1283 3194 Klotzius

227 3249 360 3286 consensu
395 3231 573 3295 contendunt,
606 3232 659 3285 hoc
690 3227 729 3280 τοί
760 3247 818 3285 esse
846 3228 1096 3284 demonstrativum
1124 3246 1283 3298 semperque

221 3324 354 3386 „accentu
372 3321 515 3374 notatum‘
539 3319 675 3386 (Klotzius
699 3320 734 3378 ad
756 3319 906 3373 Devarium
925 3337 989 3387 pag.
1011 3320 1069 3382 756,
1090 3319 1164 3386 apud
1184 3318 1279 3373 Cauer.
1338 3369 1342 3378 .

221 3410 298 3479 1.1.).
318 3428 424 3479 semper
451 3409 684 3475 „orthotonieuml
712 3409 811 3475 (Cauer
829 3410 847 3462 1.
867 3408 906 3474 1.).
944 3408 1009 3472 Quae
1029 3425 1071 3462 res
1090 3426 1174 3475 quum
1194 3407 1236 3461 ila
1255 3426 1283 3462 se

221 3501 322 3555 habere
338 3500 401 3569 jure
414 3499 530 3564 dicatur,
551 3517 599 3552 cur
611 3516 652 3553 ex.
667 3517 707 3567 gr.
720 3514 760 3548 τοι
772 3497 823 3567 γάρ
838 3498 970 3560 scribunt,
985 3501 1013 3552 et
1026 3514 1088 3560 non,
1102 3500 1134 3551 ut
1146 3497 1284 3565 Schweig-

221 3590 360 3644 haeuserus
381 3589 421 3654 (in
440 3588 529 3643 lexico
548 3588 704 3643 Herodoteo
723 3588 773 3641 sub
793 3584 832 3637 τοί
851 3587 922 3656 γαρ),
941 3585 980 3637 τοί
999 3604 1050 3656 γαρ
1069 3587 1114 3641 vel
1133 3586 1225 3655 potius
1244 3584 1283 3635 τοὶ

221 3678 291 3750 peip?
327 3680 452 3746 Itemque
476 3676 515 3728 τοὶ
533 3677 583 3747 γάρ
603 3694 650 3738 τοι,
669 3676 709 3727 τοὶ
727 3677 777 3746 γὰρ
798 3668 843 3725 οὖν
862 3676 961 3731 melius
980 3676 1063 3730 scribi
1083 3693 1192 3740 oensem
1218 3693 1283 3728 nam

222 3765 261 3819 τοί
280 3786 333 3830 νυν,
352 3769 425 3836 quod
445 3785 539 3822 omnes
558 3766 698 3830 exhibent,
721 3766 800 3820 nullo
819 3766 875 3819 alio
894 3766 975 3820 modo
995 3765 1103 3820 exarari
1121 3781 1201 3833 posse
1219 3763 1284 3819 inde

221 3857 395 3930 perspicitur,
420 3858 493 3926 quod
513 3854 556 3907 νύν
576 3859 618 3911 est
636 3874 690 3910 vox
709 3855 847 3910 enclitica.
894 3855 972 3920 Quod
991 3855 1014 3907 si
1032 3851 1072 3904 roi
1091 3854 1285 3909 demonstrati-

222 3967 288 4002 vum
311 3966 418 4018 semper
440 3950 556 4002 accentu
579 3946 746 4000 instructum
766 3948 845 4010 esses,
865 3944 955 4014 magis
974 3943 1119 4013 perspicua
1137 3942 1213 3997 inter
1231 3943 1284 3997 hoc

222 4041 251 4093 el
269 4038 340 4093 illud
359 4034 399 4106 rol
418 4041 490 4092 esset
508 4035 660 4090 distinctio.

333 4162 342 4189 ¹
361 4164 380 4216 1.
400 4164 419 4217 1.
439 4180 522 4232 pagg.
545 4162 692 4217 140-146.
