3117 4950
578 378 827 471 '-41-

314 578 410 670 σφέας
432 607 583 669 personas
607 586 734 671 generis
757 588 925 651 masculini
948 588 1001 653 vel
1018 588 1164 652 feminini
1179 612 1270 673 spec-

206 713 296 774 tans:
333 705 431 771 ὲπείτε
468 709 500 772 δὲ
531 707 590 772 ἀπὸ
621 706 850 796 detraccione,
885 710 981 794 εἴρετο
1005 709 1100 799 σφέας
1123 715 1178 797 (=
1203 716 1272 785 τοὺς

206 828 345 917 Πέρσας)
369 830 384 896 ὁ
408 830 512 917 Κῦρος
536 831 566 895 Α
591 836 664 901 126.
690 838 747 914 13;
771 837 901 920 passim.

94 951 100 955 ’
315 955 342 1021 οἱ
375 958 407 1022 δέ
438 980 534 1046 σφεας
563 961 618 1043 (=
643 961 697 1031 τὰς
721 962 877 1044 γυναῖκας)
901 972 1040 1048 παρῆκαν
1064 959 1088 1024 Δ
1113 964 1186 1029 146.
1212 966 1269 1043 11;

206 1085 336 1168 passim.

315 1213 410 1297 σφέας
440 1231 490 1274 res
521 1212 649 1295 generis
679 1234 742 1277 non
771 1214 915 1278 neutrius
938 1217 1101 1297 repetens:
1127 1214 1269 1277 δοκέοντα

207 1331 304 1421 σφέας
325 1334 380 1418 (·-=
398 1336 465 1405 τοὺς
482 1330 589 1419 ἰχθῦς)
606 1333 826 1407 ἐξελεοοεσθαι
843 1335 875 1407 ἐς
891 1347 944 1422 γῆν
961 1334 991 1399 Α
1010 1340 1083 1404 141.
1101 1341 1130 1417 6;
1155 1335 1267 1406 B148.
1371 1382 1374 1389 ι

209 1461 249 1525 14
274 1460 329 1543 (--
346 1462 400 1530 τάς
425 1455 545 1542 utroq),
578 1457 606 1521 Η
632 1462 705 1527 194.
731 1463 771 1526 18
796 1463 851 1545 (=
876 1463 930 1533 τὰς
954 1458 1047 1545 νέας).

313 1580 406 1672 Σφὲα,
432 1587 521 1670 cujus
545 1587 650 1651 omnia
673 1588 820 1671 exempla
839 1590 909 1673 jam
931 1589 1051 1672 supra¹
1075 1591 1268 1670 enumeravi,

205 1733 263 1794 pro
294 1712 473 1775 accusativo
504 1733 630 1795 semper
659 1716 841 1797 usurpatur,
865 1736 1021 1799 nusquam
1037 1738 1102 1813 pro
1125 1717 1268 1779 nomina-

205 1836 281 1901 tivo.
328 1834 507 1902 Herodotus
529 1837 614 1901 solus
637 1837 720 1902 hanc
743 1839 879 1903 formam
902 1838 1083 1904 adhibuisse
1107 1840 1233 1905 videtur
1244 1841 1267 1907 ².

239 2172 241 2177 Ι
313 2083 411 2172 Σφίσι,
436 2089 519 2171 quod
543 2089 627 2171 apud
651 2088 827 2152 Homerum
849 2090 1023 2174 saepissime
1040 2090 1268 2175 anaphoricum

206 2214 263 2290 est,
288 2211 389 2276 rarius
414 2212 635 2292 reflexivum³,
659 2215 699 2278 ab
724 2214 885 2279 Herodoto
907 2215 1007 2279 ferme
1024 2216 1125 2280 solum
1141 2239 1199 2301 pro
1216 2239 1266 2282 re-

206 2316 331 2417 fleiriro,
363 2337 482 2401 directe
512 2338 564 2401 vel
587 2339 751 2419 indirecte,
787 2342 968 2423 usurpatur,
1003 2364 1061 2424 pro
1084 2364 1171 2405 mere
1194 2364 1268 2426 per-

205 2463 306 2528 sonali
341 2466 447 2528 autem
481 2486 553 2543 non,
588 2464 650 2529 nisi
684 2465 853 2531 admodum
887 2466 997 2550 paucis
1031 2466 1132 2551 iisque
1164 2467 1268 2532 dubiis

205 2589 298 2667 locis;
323 2590 378 2672 qui
401 2589 461 2655 loci
485 2592 558 2653 sunt
580 2589 631 2654 hi:
657 2592 733 2674 μετὰ
757 2589 790 2652 δὲ
815 2587 979 2676 Ἀθηναῖοι
1003 2594 1056 2675 μὲν
1076 2592 1108 2653 τὸ
1125 2595 1267 2674 παράπαν

206 2710 403 2783 ἀπολιπόντες
426 2715 494 2784 τοὺς
517 2710 636 2788 Ἴωνας,
662 2712 898 2799 ἑπιιιοιλεομένοο
922 2712 1017 2803 σφέας
1040 2717 1141 2779 πολλὰ
1158 2716 1195 2779 δι’
1213 2714 1268 2796 ἀγ-

206 2838 300 2917 γέλων
325 2835 558 2921 Ἀρισταγόρεω,
584 2834 640 2902 οὐκ,
662 2838 777 2927 ἔφασαν
802 2846 979 2926 τιμωρήσειν
1004 2837 1093 2927 σφίσι
1110 2839 1134 2903 E
1149 2844 1222 2908 103.
1235 2843 1266 2909 4.

312 2959 378 3026 odra
403 2965 460 3047 γὰρ
484 2973 565 3035 σῖτος
588 2967 671 3048 πάρα
694 2961 777 3052 σφίσι
801 2963 825 3026 Θ
850 2967 891 3030 68
905 2966 936 3050 β)
961 2967 990 3031 8.

121 3263 125 3268 .
205 3214 327 3270 Steinius
355 3214 385 3268 in
412 3218 530 3283 utraque
557 3215 679 3271 editione
707 3211 763 3266 ἔδεέ
792 3232 885 3285 σφεας,
911 3215 1059 3270 Abichtius
1088 3219 1182 3271 autem
1210 3212 1265 3266 ἔδει

205 3303 288 3373 σφέας
315 3304 425 3372 scribit,
454 3305 550 3359 eadem
577 3293 768 3360 inconstantia
795 3305 900 3375 passim
928 3308 1045 3359 utuntur
1064 3305 1191 3371 editores,
1218 3308 1267 3362 sed

205 3394 332 3464 exempla
359 3411 518 3449 enumerare
546 3394 618 3448 nihil
646 3395 766 3450 attinere
794 3395 911 3449 videtur.
953 3394 1024 3449 Mihi
1043 3398 1144 3460 autem,
1164 3396 1188 3449 si
1207 3396 1266 3464 qui-

205 3485 268 3539 dem
296 3483 379 3553 σφέας
406 3483 563 3538 inclititum
590 3502 649 3539 esse
677 3488 752 3539 recte
780 3484 964 3550 contenditur,
989 3483 1018 3538 id
1041 3484 1170 3539 omnibus
1188 3486 1265 3551 locis,

205 3573 369 3643 ubicumque
388 3579 430 3630 est
447 3574 599 3643 personale,
620 3577 735 3629 accentu
754 3574 868 3643 privari,
887 3573 942 3628 nisi
961 3591 1015 3629 ror
1031 3578 1205 3644 paroxytona
1218 3594 1265 3628 an·

205 3663 316 3729 tecedit‚
336 3665 437 3719 rectius
457 3664 563 3718 factum
581 3661 707 3728 videtur3
726 3682 792 3718 nam
811 3666 947 3732 quantum
959 3664 1063 3729 inveni,
1083 3664 1125 3718 vis
1139 3665 1198 3732 ejus
1210 3682 1266 3718 non

204 3753 293 3809 multo
312 3754 403 3823 magis
421 3772 476 3809 uno
495 3771 579 3823 quam
593 3754 681 3808 altero
695 3754 755 3808 loco
768 3752 918 3823 premitur3
937 3753 1011 3809 idem
1030 3754 1064 3808 de
1084 3752 1170 3823 σφέων
1191 3753 1267 3824 geni-

204 3842 264 3898 tivo
280 3843 375 3910 judico

315 3931 410 4002 ¹Pag.
430 3933 472 3987 33.

314 4020 457 4092 “Kragas
476 4025 503 4076 ΙΙ
522 4024 537 4089 ᾗ
556 4025 598 4078 51.
621 4025 642 4077 l.
662 4023 694 4079 A.
717 4025 756 4078 15.

313 4110 323 4138 ⁸
341 4113 402 4169 Ibm
420 4115 452 4166 A.
475 4115 514 4172 17.
