3117 4950
747 388 920 450 45..

291 588 337 628 σοι
367 562 496 649 Σμέρδις
525 562 658 651 ἀδελφὸς
688 562 703 627 ὁ
739 567 792 634 σὸς
816 561 1010 649 ἐπανέστηκε,
1046 565 1101 628 ubi
1135 587 1232 648 quum
1265 565 1353 629 nulla

289 694 391 775 major
425 692 473 756 vis
507 692 685 774 pronomini
721 692 771 768 sit,
808 689 946 754 Steinius
981 691 1014 753 in
1044 690 1353 765 6116111011101τοί

289 816 379 901 legit.
426 815 531 881 Codex
555 817 581 880 L
607 817 744 879 00161116
769 820 901 880 accentu
925 815 1065 879 exhibet.

396 938 419 1002 Γ
435 941 496 1015 119.
522 942 552 1005 9.
599 940 702 1015 Quum
726 939 872 1006 Smerdes
888 963 1001 1026 magus
1023 944 1095 1023 post
1109 945 1244 1004 mortem
1260 940 1353 1005 Cam-

289 1067 376 1151 bysis
400 1088 535 1151 regnum
558 1065 727 1129 Persarum
750 1067 949 1143 obtinuisset,
974 1065 1102 1144 0161166,
1127 1069 1162 1130 ut
1185 1067 1352 1145 inveniret,

289 1193 359 1274 quis
383 1215 416 1255 re
440 1214 516 1255 vera
539 1214 637 1256 novus
663 1214 723 1255 rex
747 1195 840 1268 esset,
866 1214 881 1255 e
906 1192 982 1270 fflia,
1007 1214 1102 1275 quam
1125 1195 1196 1274 post
1217 1191 1352 1275 Camby-

267 1339 345 1403 sen
368 1318 403 1379 in
425 1317 662 1380 matrimonium
686 1318 861 1399 accepisset
885 1315 1040 1395 SmerdeS,
1064 1317 1168 1399 petiit,
1193 1320 1227 1381 ut
1243 1340 1276 1380 se
1292 1316 1352 1380 hu-

286 1443 339 1526 jus
369 1444 407 1505 de
438 1442 560 1527 origine
596 1442 763 1506 certiorem
798 1442 918 1505 faceret
951 1441 1010 1505 hoc
1040 1442 1148 1506 modo:
1181 1438 1271 1503 ἐπεάν
1303 1463 1351 1502 σοι

211 1547 217 1555 .
290 1565 416 1649 ουνείυδνρ
432 1572 436 1583 “
452 1569 505 1627 καὶ
542 1567 649 1649 μάθῃς
679 1571 918 1649 κατυπνωμένον,
956 1564 1073 1652 ἄφασον
1103 1562 1182 1647 αὐτῷ
1213 1568 1249 1627 τὰ
1280 1561 1350 1628 ὦτα.

297 1691 400 1767 Quum
432 1693 532 1778 igitur
562 1693 596 1755 in
620 1695 666 1753 σοί
690 1693 826 1775 ορρο6111
850 1692 970 1775 aliquid
994 1714 1061 1754 esse
1085 1693 1247 1775 possit-
1272 1692 1353 1755 mul-

289 1822 342 1881 tas
366 1821 473 1881 autem
497 1840 609 1882 uxores
635 1817 797 1881 habebant
821 1839 913 1902 reges
936 1817 1105 1882 Persarum
1130 1855 1170 1862 -
1187 1817 1272 1880 haud
1288 1818 1353 1881 scio

291 1965 331 2005 an
355 1945 487 2006 accentu
506 1944 575 2026 jam
598 1944 638 2007 ob
661 1942 743 2005 hanc
767 1964 912 2006 caussam
935 1943 1156 2006 instruendum
1172 1944 1223 2007 611,
1248 1943 1273 2007 L
1301 1965 1351 2007 so·

289 2064 452 2130 lustretur
477 2088 533 2132 σοι.
761 2063 763 2067 ’

396 2189 419 2251 Δ
446 2192 519 2256 127.
539 2193 589 2256 17.
636 2191 753 2256 Darius
778 2191 911 2276 Scythas
927 2195 1046 2255 terram
1062 2196 1094 2255 61
1111 2215 1226 2276 aquam
1242 2196 1350 2276 postu-

289 2316 377 2395 larit,
400 2340 456 2381 rex
480 2321 586 2381 autem
610 2316 800 2401 Scytharum
824 2320 870 2378 σοὶ
888 2317 930 2389 δέ,
955 2318 1068 2400 inquit,
1093 2313 1156 2378 ἀντὶ
1173 2321 1226 2399 μέν
1243 2317 1346 2399 δώρων

290 2451 346 2528 γῆς
376 2464 406 2504 τε
437 2444 489 2504 καὶ
519 2437 627 2512 ὕδατος
657 2437 763 2526 πέμψω
787 2451 920 2510 τοιαῦτα,
950 2439 999 2505 οἷά
1024 2464 1071 2505 σοι
1094 2447 1199 2525 πρέπει
1230 2440 1349 2506 erosa:

290 2569 317 2632 si
347 2592 409 2633 non
442 2569 513 2632 aliis
544 2572 577 2632 at
599 2570 659 2632 tibi
682 2569 751 2633 haec
781 2570 862 2633 dona
887 2571 977 2633 decet
999 2571 1118 2634 venire.
1169 2569 1228 2633 Vis
1251 2570 1350 2655 igitur

291 2696 339 2754 001
363 2694 462 2757 dativi
485 2693 570 2757 haud
593 2695 638 2757 ita
660 2690 806 2777 paullum
829 2695 931 2777 premi
955 2695 1089 2758 ridetur.
1125 2694 1169 2758 At
1185 2694 1351 2779 refragan-

289 2823 343 2883 tur
365 2841 473 2883 0mnes
498 2819 630 2882 codices,
679 2818 705 2882 P
729 2819 814 2882 enim
832 2815 881 2880 οἷα
898 2839 954 2886 σοι,
979 2820 1062 2902 quod
1075 2822 1143 2903 jam
1159 2843 1217 2902 per
1233 2843 1266 2883 se
1283 2842 1351 2884 cor-

289 2945 459 3029 rigendum
483 2948 540 3022 est,
566 2944 706 3022 exhibet,
731 2945 830 3008 ceteri
854 2940 902 3005 οἷά
927 2965 982 3005 σοι.
1030 2943 1091 3008 Sed
1123 2948 1229 3008 tamen
1253 2967 1351 3009 unum

289 3071 329 3134 ob
353 3071 543 3153 exemplum,
568 3072 650 3153 quod
671 3070 843 3153 excipitur,
868 3070 980 3155 regula
1004 3092 1101 3152 quum
1124 3070 1193 3134 tolli
1216 3093 1280 3134 non
1295 3071 1349 3134 de·

290 3196 374 3275 beat,
399 3218 471 3260 cum
495 3194 614 3261 Steinio
638 3192 688 3258 οἷα
711 3191 758 3258 σοί
781 3197 984 3260 scribendum
1007 3217 1129 3260 censeo.
1164 3195 1236 3260 Huc
1261 3217 1351 3259 acce·
1396 3227 1399 3232 ·

290 3320 337 3383 dit
359 3322 442 3403 quod
467 3322 637 3385 auctoritas
660 3322 814 3385 librorum
836 3319 904 3386 MS.
928 3321 988 3384 hac
1011 3320 1045 3384 in
1068 3343 1102 3384 16
1125 3322 1178 3385 vix
1202 3322 1268 3385 ulla
1291 3324 1349 3385 est.

395 3443 420 3505 Θ
445 3448 518 3510 100.
536 3449 588 3511 33.
613 3445 707 3508 εἴποι
731 3444 870 3508 δέδοκται
894 3448 935 3530 μὴ
960 3450 1150 3529 παραμένειν,
1176 3448 1211 3508 σὺ
1236 3451 1289 3529 μέν
1314 3443 1346 3515 ές

290 3568 374 3654 ἤθεα
405 3572 441 3630 τὰ
472 3580 602 3632 σεωυτοῦ
633 3568 784 3633 ἀπέλαυνε
810 3618 816 3632 .
843 3618 849 3631 .
876 3618 882 3631 .
908 3568 962 3653 ἐμέ
987 3566 1019 3632 δέ
1044 3593 1091 3633 σοι
1114 3575 1175 3656 χρὴ
1199 3574 1250 3657 τὴν
1275 3568 1348 3633 Ἓλ-

289 3694 370 3757 λάδα
401 3705 568 3780 παρασχεῖν
600 3695 836 3779 δεδουλωμένην.
890 3697 997 3760 Etiam
1028 3697 1087 3761 hoc
1110 3697 1178 3761 loco
1201 3697 1227 3759 L
1252 3698 1349 3761 codex

289 3820 372 3884 solus
408 3819 440 3881 δέ
476 3842 523 3906 σοι
557 3821 697 3899 exhibet,
732 3822 830 3885 ceteri
865 3843 972 3884 omnes
1003 3826 1035 3885 61
1065 3820 1203 3886 Sicinius
1236 3820 1268 3882 δέ
1293 3815 1349 3882 σοί.

289 3945 451 4010 Praeterea
474 3942 503 4006 Α
521 3947 573 4010 85.
587 3948 606 4009 9
619 3947 665 4029 (in
681 3946 795 4027 orac.);
822 3947 873 4011 89.
887 3949 906 4008 4
921 3947 1012 4029 (his),
1040 3948 1112 4012 120.
1126 3949 1184 4025 323
1210 3943 1277 4010 ΓΙ.
1295 3948 1347 4022 24,

290 4067 318 4134 H
343 4073 383 4138 10
409 4071 439 4152 β)
465 4073 494 4136 l.
