3117 4950
620 440 663 473 ’-
689 427 796 491 61-

290 605 357 683 Quo
386 628 481 690 opere
505 606 647 671 absoluto
671 605 711 670 ad
735 605 890 690 exempla,
914 605 1029 690 quibus
1049 627 1123 669 usus
1138 606 1243 670 tertiae

180 753 324 817 personae
353 731 573 815 hypotacticus
602 731 791 811 illustratur,
820 731 1034 796 enumeranda
1058 731 1243 816 aggrediar.

289 851 332 939 A)
355 855 499 921 Primum
520 856 611 940 posui
635 878 673 920 ca
696 855 852 939 exempla,
876 855 1047 939 inquibus
1071 877 1109 919 ea
1124 856 1242 937 valent,

181 1002 252 1065 quae
277 981 354 1046 dicit
377 980 558 1045 Gavallinus
583 981 601 1064 ἓ
626 982 689 1045 108
713 980 781 1062 bb),
805 981 826 1045 i.
852 1001 880 1045 e.
906 1002 1097 1063 „pronomen
1116 981 1244 1046 reflexi-

180 1128 258 1171 vum
292 1105 490 1171 substantivo
519 1106 571 1170 vel
601 1105 780 1190 participio,
815 1106 899 1189 quod
923 1109 978 1169 aut
999 1105 1104 1189 ipsum
1126 1107 1244 1191 objecti
1287 1130 1290 1135 ·

180 1229 285 1296 locum
306 1232 396 1295 tenet
419 1232 474 1294 aut
496 1231 537 1294 ad
559 1232 722 1315 objectum
752 1230 900 1310 refertur,
932 1231 1117 1314 adjunctum
1140 1234 1189 1295 est
1211 1234 1244 1295 et

180 1357 415 1440 subjectum
449 1355 626 1440 ejusdem
659 1354 963 1420 enuntiationis
996 1356 1152 1440 spectat¹‘.
1197 1353 1244 1421 Ut

182 1503 222 1547 ex
252 1479 301 1544 his
330 1480 499 1565 postremis
530 1480 636 1580 uerbis
668 1482 812 1564 apparet,
847 1480 1075 1564 quodammodo
1098 1483 1172 1544 suut
1195 1480 1243 1545 di-

181 1609 268 1672 recte
292 1605 455 1684 reflexim,
479 1627 680 1689 quamquam,
705 1627 803 1690 quum
825 1606 1006 1690 subjectum
1024 1605 1059 1668 in
1074 1605 1244 1689 participio

180 1731 285 1796 latens
316 1730 455 1815 spectari
484 1731 594 1814 possit,
623 1730 720 1794 etiam
743 1730 784 1794 ad
806 1730 993 1814 pronomina
1015 1730 1169 1794 indirecte
1193 1752 1244 1794 re-

181 1855 299 1922 flexiva
319 1857 392 1940 jure
416 1855 608 1919 referuntur.

291 1979 388 2065 Cujus
418 1981 544 2066 generis
574 1983 648 2044 sunt
671 2002 708 2045 ea
731 2001 856 2064 quoque
880 1979 1036 2063 exempla,
1063 1981 1120 2045 ubi
1142 1981 1244 2064 parti·

181 2106 302 2191 cipium
332 2106 372 2170 ab
404 2105 443 2169 iis
466 2105 572 2171 verbis
595 2105 753 2170 sentiendi
777 2108 810 2169 et
833 2105 1015 2169 declarandi
1036 2106 1164 2190 pendet,
1189 2106 1244 2189 qui

180 2254 240 2317 pro
275 2231 490 2296 enrmtiatione
524 2231 646 2295 vicibus
680 2231 799 2316 objecti
828 2229 982 2316 fungente
1009 2230 1061 2295 vel
1086 2229 1244 2295 infinitivo

179 2356 388 2443 participium
422 2355 597 2420 adsciscere
631 2356 753 2439 possint
787 2354 849 2438 (cfr
882 2353 1021 2418 κατεῖδον
1053 2349 1244 2440 Ἀθηναίοος

181 2485 266 2570 optor
296 2481 521 2565 προσπλέοντας
543 2481 654 2562 Thuc,
689 2483 772 2567 quod
802 2482 983 2565 exemplum
1013 2481 1193 2547 Cavassinus
1225 2480 1243 2565 ἓ

183 2609 247 2673 108
272 2606 329 2689 bb)
354 2605 471 2690 affert).

289 2731 381 2797 Nihil
416 2735 471 2797 aut
503 2754 567 2797 non
596 2732 731 2797 multum
755 2755 801 2797 eae
826 2732 1057 2797 enuntiationes
1082 2731 1242 2811 differunt,

181 2860 239 2926 ubi
262 2881 320 2944 pro
341 2858 438 2943 plena
462 2858 677 2922 enuntiatione
695 2856 815 2922 causali
830 2858 1045 2942 participium,
1070 2857 1153 2942 quod
1169 2878 1243 2921 con-

180 2987 329 3071 junctum
356 2985 497 3063 vocatur,
531 2977 574 3054 ὡς
605 2982 764 3067 particula
787 2983 993 3047 antecedente
1016 2983 1170 3067 scriptum
1192 2982 1244 3047 sit.

183 3109 289 3186 Quare
330 3109 387 3173 illa
420 3108 525 3173 omnia
564 3129 683 3193 genera
717 3107 948 3172 sententiarum
980 3107 1043 3172 huc
1077 3107 1112 3171 in
1145 3129 1244 3171 unum

184 3234 314 3302 contuli.

293 3358 326 3443 α)
356 3355 502 3420 ‘Euocant
534 3365 589 3420 τῶν
613 3352 761 3432 οἰκετέων,
786 3358 854 3428 τοὺς
877 3357 1010 3441 μάλιστα
1032 3351 1098 3439 ὧροι
1120 3356 1243 3427 πιστοὺς

185 3483 291 3556 ἐόντας
314 3481 409 3567 ἑωυτῇ
432 3483 463 3549 Α
487 3483 539 3548 11.
555 3484 594 3561 4;
619 3483 746 3561 61.13;
773 3483 859 3547 75.1
886 3480 942 3563 (=
958 3481 1088 3565 ipsius);
1114 3482 1167 3546 86.
1183 3482 1242 3561 36;

185 3613 239 3677 oc.
264 3591 323 3688 1νρ
360 3611 433 3674 103.
458 3610 498 3674 ro
526 3607 609 3691 (τοὺς
631 3603 680 3670 ὑπ’
704 3604 804 3689 ἑωυτῷ
828 3603 1048 3691 ἀρχομένων
1084 3606 1158 3672 107.
1184 3606 1243 3684 11;

186 3738 261 3802 108.
286 3735 344 3814 143
370 3735 443 3799 114.
469 3734 525 3813 16;
552 3734 626 3798 123.
649 3734 684 3812 4;
710 3733 785 3798 134.
810 3733 839 3813 7,
865 3734 894 3812 9,
920 3732 972 3797 13.
997 3768 1037 3777 -
1062 3727 1243 3796 Bitala

184 3863 241 3946 (=
265 3858 396 3946 ipsius);
428 3860 500 3925 119.
525 3859 583 3936 14;
614 3859 674 3922 121
690 3857 719 3941 ζ)
743 3859 779 3938 6;
805 3859 879 3924 123.
905 3859 945 3922 12
970 3856 1075 3940 (rotro
1098 3864 1138 3937 τῷ
1162 3855 1242 3937 λόγῳ

185 3983 244 4050 εἰσὶ
279 3983 310 4049 οἳ
343 3981 496 4070 Ἑλλήνων
532 3981 700 4070 ἐχρήσαντο
725 4030 732 4043 .
758 4034 765 4048 .
792 4030 799 4043 .
829 3978 871 4053 ὡς
900 3977 966 4063 ἰδίῳ
996 3977 1111 4043 ἑωυτῶν
1135 3977 1242 4063 ὲόντι);

187 4114 262 4182 152,
293 4112 352 4192 25;
389 4111 461 4178 162,
486 4111 545 4191 28;
582 4109 799 4190 169.10,14
834 4103 960 4199 (τρέφων
995 4107 1043 4167 τὸν
1078 4107 1161 4196 optor
1191 4105 1244 4172 καὶ
