3117 4950
746 392 920 454 ..52-

410 566 556 632 ἐπόδοντο
580 564 727 653 ἐχομένην
752 572 804 654 τὴν
827 569 913 631 πόλιν
937 565 1052 631 ἑωυτῶν
1077 566 1098 630 Ζ
1122 572 1174 635 23.
1200 572 1257 649 10;

408 696 456 756 τὸν
481 690 628 780 ἀδελφεόν
653 690 762 755 ἑωυτοῦ
787 690 801 754 Ι
824 695 877 759 33.
903 695 962 773 26;

360 880 363 891 ,
409 815 544 902 ἀπέταμε
568 821 616 881 τὸν
640 820 748 901 ταρσόν
773 815 883 881 ἑωυτοῦ
907 815 920 880 Ι
944 820 997 884 37.
1024 820 1076 886 15.

405 1072 468 1136 Η1ο
498 1072 649 1136 nonnulla
680 1071 835 1154 exempla,
870 1071 904 1134 in
933 1071 1048 1155 quibus
1079 1075 1176 1157 σφέων
1207 1066 1302 1136 αὐτῶν
1333 1077 1367 1137 et

301 1193 417 1259 ἑωυτῶν
441 1198 475 1261 in
499 1197 610 1260 eadem
632 1196 762 1280 periodo
785 1197 1000 1275 inveniuntur,
1024 1197 1192 1260 inserenda
1214 1201 1307 1281 puto:

408 1317 682 1391 διασκεδασθέντες
711 1318 778 1382 κατ’
803 1317 932 1391 ἑωυτοὺς
954 1319 1077 1383 ἕκαστοι
1102 1369 1108 1383 .
1135 1369 1142 1382 .
1169 1369 1175 1383 .
1200 1322 1365 1405 παρεδίδο-

301 1469 356 1511 σαν
380 1443 477 1534 σφέας
500 1442 608 1517 αι’)τοὺς
631 1455 706 1508 τοῖσι
728 1441 866 1529 Πέρσῃσι
890 1443 915 1507 Ε
940 1447 991 1512 15.
1017 1449 1068 1524 11;

406 1568 434 1635 οἱ
458 1571 490 1634 δὲ
514 1570 637 1652 ἄγγελοι
661 1568 709 1634 ἐπὶ
732 1576 830 1658 σφέων
854 1566 949 1633 αότων
974 1572 1136 1655 βαλόμενοι
1153 1571 1266 1636 διδόναι
1283 1571 1363 1660 ’ἐμα-

302 1718 356 1760 σαν
381 1750 388 1763 .
414 1744 421 1758 .
447 1744 455 1758 .
490 1692 570 1759 οὗτοι
606 1700 659 1780 μὲν
695 1695 730 1781 δὴ
762 1693 950 1767 ἀπελθόντες
980 1694 1012 1766 ἐς
1042 1699 1093 1782 τὴν
1125 1693 1239 1760 ἑωυτῶν
1264 1692 1367 1769 αἰτίας

301 1822 438 1908 μεγάλας
463 1819 545 1906 εἶχον
570 1818 595 1882 Ε
620 1823 672 1886 73.
698 1822 749 1885 15.

404 2072 468 2139 Sed
502 2074 622 2153 formae,
658 2095 729 2157 quae
765 2096 784 2136 a
817 2073 933 2137 litteris
968 2093 1024 2159 cc·
1058 2073 1225 2158 incipiunt,
1254 2078 1364 2161 σφέων,

301 2201 395 2287 σφίσι,
421 2202 527 2286 σμὲας,
551 2221 614 2263 non
629 2198 730 2262 solum
745 2201 825 2277 tum,
849 2221 947 2284 quum
963 2193 1053 2269 αὐτός
1068 2222 1242 2283 pronomen
1257 2202 1365 2286 sequi·

299 2329 361 2406 tur,
392 2324 579 2389 reflexivum
609 2324 758 2404 efficiunt,
791 2325 846 2388 sed
877 2325 1035 2389 nonnullis
1059 2325 1136 2390 locis
1159 2326 1224 2389 vim
1246 2349 1364 2410 prono·

298 2451 393 2518 minis
418 2451 536 2516 directe
560 2448 704 2514 reflexivi
728 2450 802 2515 solae
822 2473 880 2535 per
895 2473 929 2515 se
946 2450 1142 2530 adsciscunt3
1166 2450 1252 2517 haud
1268 2452 1364 2518 aliter

299 2580 394 2662 atque
430 2581 462 2642 et
497 2577 587 2641 attici
621 2577 791 2661 scriptores
822 2581 854 2642 et
877 2577 1056 2643 Herodotus
1081 2581 1225 2664 σφέτερος
1247 2601 1363 2663 prono·

298 2704 385 2768 mine
415 2703 534 2768 directe
565 2703 717 2768 reflexivo
745 2704 866 2790 passim
888 2706 1032 2769 utuntur.
1079 2703 1176 2789 Cujus
1200 2705 1246 2769 rei
1270 2707 1362 2769 ante·

298 2851 395 2913 quam
418 2829 564 2912 exempla
587 2828 728 2907 afferam,
752 2830 791 2893 de
816 2823 864 2912 μίν
888 2830 1068 2894 accusativo
1092 2830 1210 2908 dicam3
1234 2830 1361 2895 videtur

299 2955 384 3019 enim
412 2954 482 3019 haec
512 2976 636 3038 quoque
659 2954 761 3019 forma
785 2956 905 3019 duobus
929 2956 1042 3019 saltem
1064 2956 1141 3020 locis
1166 2957 1284 3021 directe
1308 2978 1361 3020 re-

299 3080 415 3145 flexive
439 3080 597 3163 usurpari.
806 3074 808 3078 ’

404 3204 539 3266 κελεόειν
568 3204 636 3274 τοὺς
667 3199 828 3288 πορθμέας
851 3204 961 3289 (subj.)
985 3199 1073 3268 αὐτὸν
1098 3204 1287 3290 διαχρᾶσθαί
1312 3227 1360 3289 μιν

298 3329 405 3395 1124.
431 3331 483 3395 12.

405 3455 513 3539 ταυτιμς
549 3457 602 3538 μὲν
637 3458 703 3537 πέρι
734 3463 865 3517 τοσαῦτα
888 3453 991 3533 ἔλεγον
1015 3455 1092 3540 πλὴν
1116 3452 1161 3517 ὅτι
1184 3451 1275 3541 αὐτόν
1299 3477 1359 3539 μιν,

256 3606 260 3613 ·
298 3573 340 3648 ὡς
363 3587 448 3640 τοῦτο
473 3575 643 3662 ἐξέργαστο.
669 3583 751 3664 μῖψαι
775 3578 808 3651 ἐς
831 3579 946 3665 οἴκημα
969 3577 994 3641 Β
1019 3581 1093 3646 100.
1120 3582 1171 3646 17.

404 3702 488 3769 Illud
518 3706 699 3792 exemplum
729 3706 930 3790 11υυου1μ1υ,
963 3709 998 3770 ut
1020 3708 1208 3771 vertendum
1231 3710 1358 3791 putem:

299 3830 438 3914 'jussisse
466 3831 636 3914 portitores
667 3830 776 3915 (subj.)
808 3855 880 3895 eum
911 3832 972 3895 sibi
995 3832 1101 3914 ipsum
1124 3831 1200 3914 (μίν)
1224 3836 1360 3896 mortem

298 3956 520 4034 consciscere'3
557 3959 589 4019 et
623 3955 699 4021 hoc:
737 3958 786 4020 'de
822 3980 859 4021 ea
887 3980 986 4041 quum
1015 3958 1071 4021 illa
1094 3959 1268 4022 narrabant
1289 3961 1359 4022 tum

298 4101 368 4144 eam
392 4074 510 4166 (cordo)
537 4132 543 4146 .
570 4133 577 4147 .
603 4133 610 4148 .
635 4082 668 4148 in
692 4083 819 4148 domun]
843 4105 875 4148 se
900 4082 976 4170 (μίν)
989 4084 1126 4175 jecisse'.
1162 4080 1188 4155 Ι.
1206 4106 1233 4154 υ.
1254 4084 1357 4168 crede,
