3117 4950
641 402 815 466 45„

303 585 339 646 σὺ
364 581 535 667 ἐτόλμησας
559 579 631 666 έμευ
656 577 891 665 στρατευομένου
909 576 1023 642 αὐτου.
1050 627 1056 640 .
1083 580 1160 642 ,uod
1176 575 1265 657 ἄγον-

198 732 248 782 τος
281 708 427 779 παῖδας
462 706 578 792 έμοὺς
611 755 617 769 .
656 755 662 769 .
701 754 708 769 .
746 706 923 792 μνήσασθαι
958 706 1025 787 περὶ
1060 701 1123 767 σέο
1158 702 1265 774 παιδός

199 831 228 896 Η
252 837 305 901 39.
331 838 361 900 2.

305 957 401 1023 ἱκανοὶ
437 961 494 1043 γὰρ
529 957 637 1022 ἐκεῖνοί
672 979 704 1037 γε
737 952 822 1019 αὐτοὶ
852 954 967 1020 ἑωυτῶν
999 952 1066 1039 πέρι
1100 958 1265 1043 φροντίζειν

199 1081 267 1159 εἰσὶ,
291 1082 380 1171 ἡμεῖς
404 1084 437 1147 δὲ
459 1080 560 1170 ἡμέων
584 1079 626 1154 ὡς
649 1079 746 1153 αὔτως
770 1079 799 1142 Η
824 1085 898 1148 236.
925 1084 976 1147 19.

307 1209 411 1286 Quum
441 1203 513 1271 αυτο
537 1210 642 1293 stirpe,
668 1212 703 1272 ut
726 1209 917 1273 reflexivum
940 1230 1115 1291 pronomen
1139 1207 1265 1286 efficiat,

201 1339 257 1400 aut
280 1357 351 1399 eum
375 1336 474 1419 stirpe
498 1335 622 1399 numeri
645 1334 817 1419 singularis
841 1334 875 1397 in
899 1333 1077 1419 genitivum
1093 1333 1177 1396 flexa
1192 1354 1265 1416 pro·

199 1461 335 1526 nominis
358 1460 533 1545 personalis
554 1460 726 1543 composita
742 1459 784 1523 sit
797 1459 818 1538 ¹,
844 1464 897 1522 aut
912 1463 984 1542 posi
1001 1481 1108 1523 casum
1125 1459 1264 1541 aliquem

200 1586 364 1669 obliquum
398 1586 531 1670 pluralis
566 1586 690 1650 numeri
724 1586 829 1649 locum
852 1584 980 1664 habeat,
1016 1585 1134 1648 accidit
1156 1587 1267 1648 damen

202 1713 310 1791 etiam,
341 1716 376 1776 ut
408 1705 496 1780 αὐτός
520 1711 616 1775 alicui
639 1711 789 1775 utriusvis
812 1711 937 1774 numeri
960 1710 1070 1775 formae
1093 1711 1266 1793 praeoedat.

203 1835 286 1900 Tum
310 1840 418 1900 autem
440 1859 614 1920 pronomen
637 1836 803 1919 personale
828 1836 929 1899 solum
952 1835 1103 1899 reflexive
1120 1836 1267 1918 usurpari

204 1965 237 2025 et
262 1955 352 2031 αὐτός
376 1962 564 2025 excludendi
587 1962 653 2025 vim
675 1961 800 2053 habere
818 1961 978 2025 videiur2.

312 2082 447 2171 ἱροσυνην
473 2133 480 2147 .
506 2134 512 2147 .
540 2134 546 2147 .
573 2082 714 2170 αἱρεῦμαι
746 2081 845 2167 αυτῷ
875 2082 913 2147 τέ
945 2107 1008 2170 μοι
1039 2087 1091 2147 καὶ
1115 2093 1190 2148 τοῖσι
1214 2081 1266 2147 ἀπ’

203 2207 276 2294 ἐμεῦ
301 2205 361 2273 αἰεὶ
384 2206 563 2295 γινομένοισι
586 2208 610 2272 Γ
636 2212 709 2277 142.
735 2214 788 2277 20.

311 2338 548 2419 συγγινώσκομεν
566 2331 681 2398 αὑτοῖσι
698 2333 769 2422 ἡμῖν
786 2332 820 2399 ου
837 2342 980 2422 ποιήσασι
996 2333 1097 2418 ὀρθῶς
1110 2334 1134 2398 Ε
1148 2337 1199 2401 91.
1215 2338 1266 2401 12.

311 2587 372 2651 Pro
395 2588 546 2654 reflexivo
568 2591 679 2673 primae
704 2592 736 2653 ed
759 2590 905 2653 secundm
929 2611 1136 2672 personarum
1151 2611 1267 2672 prono-

203 2714 288 2777 mine
319 2714 515 2793 reflexivum
546 2715 629 2798 quod
652 2715 756 2779 tertiae
782 2718 830 2778 est
852 2715 1017 2799 proprium
1040 2737 1194 2798 personne,
1218 2715 1268 2779 in-

203 2839 330 2903 terdum
353 2842 533 2923 usurpatur.
580 2838 668 2915 Quod
693 2840 862 2903 admodum
884 2840 979 2904 facile
1003 2844 1051 2904 est
1074 2841 1266 2926 intelligere,

205 2986 305 3047 quum
329 2968 361 3027 et
385 2959 474 3034 αὐτός
498 2968 530 3029 et
552 2964 658 3048 stirps,
682 2988 753 3049 quae
769 2969 900 3030 vocatur
915 2965 1077 3045 reflexiva,
1096 2966 1183 3049 'ipse'
1201 2967 1267 3050 sig-

203 3089 314 3153 nifieat
336 3111 395 3153 neo
418 3091 483 3154 vim
507 3094 602 3155 eertae
627 3090 761 3175 alicujus
784 3113 927 3175 personae
951 3091 1080 3156 habeat.
1121 3091 1191 3155 Hoo
1211 3114 1266 3155 au-

204 3218 270 3279 tem
296 3237 359 3279 non
381 3218 484 3301 magis
509 3218 592 3300 apud
615 3216 813 3281 Herodotum
837 3239 933 3300 quam
956 3218 1040 3301 apud
1064 3218 1141 3281 alios
1165 3218 1267 3301 scrip·

204 3343 289 3404 tores
323 3342 469 3420 inveniri,
505 3340 574 3406 haec
603 3343 779 3406 ostendum
809 3343 964 3426 exempla,
996 3365 1035 3407 ex
1058 3342 1266 3427 Xenophonte

316 3571 406 3626 1Νἱυί
424 3573 486 3642 quis
505 3571 531 3623 A
553 3574 610 3629 108.
633 3575 665 3629 16
688 3574 814 3644 excipere
838 3578 867 3629 ei
887 3570 956 3643 μηδὲ
977 3612 983 3624 .
1004 3612 1010 3624 .
1031 3612 1037 3624 .
1058 3574 1099 3625 σοὶ
1128 3572 1199 3643 αὐτῷ
1219 3592 1266 3624 πε-

206 3660 315 3730 ριπέσῃς
333 3662 482 3718 1ουΐίουουι
502 3663 603 3718 oodioie
623 3664 652 3729 P,
666 3682 750 3732 quam
764 3664 851 3733 elegit
863 3663 993 3729 sueinus,
1013 3665 1144 3734 praeferre
1157 3664 1267 3719 studuit.

204 3750 353 3806 Abiohtius
375 3751 406 3806 in
424 3758 528 3821 σεωυτῷ
549 3753 675 3840 conexit.
714 3750 760 3803 Σοὶ
779 3752 868 3834 ἑωυτῷ
887 3754 970 3818 enim,
990 3755 1064 3822 quod
1084 3753 1113 3807 in
1132 3755 1156 3807 Α
1175 3756 1198 3807 Β
1216 3759 1266 3819 est,

205 3840 250 3895 vel
278 3840 308 3890 σὺ
336 3840 434 3911 ἑωυτῷ,
461 3861 523 3911 quae
551 3846 594 3898 eei
616 3842 754 3913 seriptum
777 3843 903 3898 eodioum
928 3843 991 3898 CR
1010 3843 1035 3908 d,
1055 3844 1147 3897 minus
1165 3844 1266 3913 placei..

137 3925 139 3928 ’
207 3924 318 4000 Σεωυτῷ
346 3931 434 4002 igitur
461 3933 615 3988 editionum
643 3932 753 3987 Aldinae
781 3937 810 3989 et
832 3932 1009 3987 Abichtianae
1028 3951 1084 3987 non
1102 3933 1165 4002 pius
1183 3951 1267 4001 quam

200 4017 249 4085 jue
269 4022 433 4089 conjecturae
452 4023 545 4077 habet.
582 4023 639 4077 Usu
658 4023 804 4078 Homerioo
824 4022 864 4073 σοὶ
883 4019 953 4092 αὐτῷ
973 4022 1160 4078 confirmatur.

315 4109 324 4137 ⁹
344 4111 391 4166 efr
409 4113 522 4167 Kiihner
539 4110 552 4163 I
570 4113 586 4180 ξ
607 4114 657 4167 168
676 4112 701 4182 υ)
721 4114 851 4168 Anmerk.
873 4114 886 4166 l
907 4111 982 4182 (pag.
1000 4112 1073 4182 461.)
