3117 4950
210 602 246 662 ut
270 593 359 667 αι’)τός
382 592 415 661 in
439 618 514 661 casu
537 600 623 661 rectu
645 598 794 675 locatum,
826 599 892 662 vim
921 598 1021 680 ipsius
1045 620 1171 681 semper
1194 597 1271 661 reti-

209 726 274 802 net,
299 724 391 809 σφίσι,
423 724 461 787 de
486 724 576 807 cujus
599 745 658 786 usu
682 722 874 806 anaphorico
896 726 932 786 ut
955 723 1076 786 incerto
1098 723 1288 806 separatim·

209 849 436 931 disputabitur,
472 850 538 934 σφε,
574 849 657 930 quod
680 871 720 912 ex
742 847 833 912 libris
856 848 1011 912 Herodoti
1034 850 1189 911 remotum
1214 851 1272 913 est.

210 973 331 1038 Ceterae
356 975 429 1036 sunt
452 972 501 1037 hae
526 973 654 1037 formae:
686 969 723 1046 οἷ,
749 976 807 1055 μίν,
833 977 940 1058 σφέων,
965 967 1026 1059 σρί,
1052 977 1158 1059 σφέας,
1183 977 1271 1059 σρὲα.

316 1093 362 1159 Οἵ
390 1099 454 1162 dat.
485 1100 577 1183 sing.‚
609 1120 679 1182 quae
702 1099 806 1162 forma
829 1121 955 1182 semper
978 1099 1125 1163 enclitica
1149 1102 1180 1162 et
1203 1113 1292 1163 ma·¹

209 1223 323 1287 sculini
347 1228 441 1307 atque
466 1223 611 1287 feminini
635 1225 772 1308 generis,
796 1246 859 1288 non
882 1224 1018 1307 amplius
1038 1247 1134 1308 quam
1150 1224 1271 1288 duobus

207 1349 349 1412 tribusve
372 1348 450 1412 locis
474 1350 600 1433 generis
624 1351 767 1413 neutrius
792 1354 842 1414 est
849 1376 856 1429 ;
892 1350 1008 1433 saepius
1033 1372 1082 1413 res
1107 1371 1169 1412 non
1191 1370 1271 1412 neu·

205 1467 287 1537 trius
310 1474 437 1558 generis
460 1477 550 1557 spent
570 1477 593 1538 t.

315 1594 355 1659 Οἵ
382 1598 509 1683 generis
533 1622 629 1664 masc.
654 1603 709 1664 aut
732 1601 807 1665 fem.
832 1604 865 1664 et-
887 1623 945 1683 pro
968 1600 1111 1684 personis
1136 1622 1272 1683 usurpa·

206 1726 277 1786 tum
299 1724 436 1805 passim:
461 1719 496 1809 ἧν
520 1726 577 1806 ηόιρ
601 1719 629 1785 οἱ
652 1725 708 1806 (=
725 1734 765 1806 τῷ
789 1721 970 1809 Κανδαόλη)
994 1733 1049 1787 τῶν
1075 1720 1270 1810 αἰχμοφόρων

209 1843 308 1932 Γόγης
331 1844 366 1908 A¹
386 1849 415 1912 8.
441 1849 476 1926 43
503 1849 553 1914 14.
578 1850 609 1928 4,
635 1850 668 1926 7;
695 1850 746 1913 19.
772 1850 809 1927 8;
834 1852 886 1914 21.
912 1852 948 1927 2;

317 1970 394 2034 ἔνθα
418 1970 509 2035 ἐπεὰν
531 1970 630 2058 ἵζηται
654 1977 736 2059 γονὴ,
761 1970 795 2036 οὐ
819 1980 960 2057 πρότερον
985 1972 1216 2037 ἀπαλλάσσεται
1240 1972 1272 2045 ἐς

206 2098 243 2157 τὰ
278 2092 360 2158 οἰκία
392 2095 412 2182 ἥ
442 2101 486 2168 τις
516 2095 543 2160 οἱ
574 2098 629 2181 (--
653 2108 689 2182 τη
719 2100 849 2182 ηοναικί)
874 2095 974 2170 ξείνων
998 2097 1138 2182 ἀργόριον
1169 2097 1267 2184 ἐμβα-

209 2222 269 2283 λὼν
293 2219 326 2291 ἐς
350 2223 386 2283 τὰ
410 2224 539 2300 ηοόνατα
563 2224 664 2307 μιχθῇ
690 2271 696 2284 .
722 2270 729 2285 .
756 2272 762 2284 .
789 2222 818 2284 Α
844 2226 917 2289 199.
944 2226 1005 2303 12;

315 2343 345 2408 οἷ
366 2348 493 2433 generis
517 2352 620 2414 neutr.
644 2349 694 2412 his
717 2350 810 2413 louis:
842 2402 848 2414 .
874 2401 881 2414 .
907 2402 914 2414 .
938 2354 1019 2435 νηός,
1043 2348 1121 2412 ἔνθα
1145 2348 1271 2434 ἄγαλμα

210 2467 289 2555 μέγα
313 2481 363 2534 τοῦ
387 2468 459 2543 Διὸς
482 2470 524 2535 ἔνι
540 2478 708 2560 κατήμενον
724 2477 863 2558 χρόσεον,
887 2469 940 2547 καί
957 2471 985 2537 οἱ
1001 2478 1133 2557 τράπεζα
1150 2475 1269 2561 μεγάλη

208 2601 394 2679 παρακέεται
417 2602 543 2682 χρυσέη,
567 2601 675 2660 καὶτὸ
700 2599 816 2681 βάθρον
840 2595 867 2661 οἱ
891 2601 943 2662 καὶ
968 2596 983 2662 ό
1007 2601 1117 2682 θρόνος
1140 2601 1270 2684 χρόσεος

210 2717 272 2784 εστι
295 2719 326 2783 Α
352 2724 424 2788 183.
449 2727 479 2803 3,
505 2724 566 2788 41.
1044 2695 1046 2698 ’

315 2850 346 2910 τὸ
378 2848 409 2910 δὲ
441 2858 524 2933 σημα
555 2846 617 2910 ἐστὶ
647 2847 706 2911 ἐ’σω
735 2846 767 2919 ἐς
799 2852 831 2911 τὸ
857 2845 1048 2933 Ἀρτεμίσιον
1072 2847 1179 2913 ἐσιόντι
1203 2847 1270 2932 ἀρι-

208 2981 315 3057 στερῆς
338 2978 451 3056 χειρός,
477 2969 639 3060 ἐπιπέφυκε
658 2970 690 3035 δὲ
707 2970 734 3037 οἱ
750 2974 806 3056 (=
824 2984 863 3057 τῷ
880 2975 1004 3061 σηματι)
1021 2974 1110 3060 ἐλαίη
1127 2971 1216 3041 Δ34.
1231 2977 1267 3054 63

313 3094 469 3161 ἀντλέεται
496 3103 549 3182 μὲν
573 3094 743 3184 κηλωνηΐιρ,
775 3097 838 3182 ἀντὶ
864 3100 896 3162 δὲ
920 3100 1033 3179 γαολοό
1057 3097 1150 3186 ἤμισο
1173 3097 1268 3162 ἀσκοῦ

207 3218 234 3284 οἱ
258 3221 313 3305 (--
338 3233 377 3304 τῷ
400 3219 574 3310 κηλωνηΐω)
595 3220 792 3306 προσδέδεται
816 3223 837 3286 Ζ
862 3227 935 3290 119.
962 3227 1012 3290 13.

314 3344 343 3409 οἷ
364 3371 414 3413 res
438 3351 565 3434 generis
588 3374 651 3415 non
674 3354 777 3416 neutr.
801 3355 964 3435 repetens:
992 3403 998 3415 .
1025 3403 1031 3416 .
1058 3403 1064 3415 .
1088 3346 1140 3412 καί
1164 3347 1191 3413 οἱ
1216 3351 1268 3433 (sp

205 3474 342 3557 ποταμῷ)
366 3473 550 3560 ἐπηπείλησε
575 3470 650 3537 οὗτοι
675 3475 711 3561 δη
736 3497 784 3559 μιν
810 3472 945 3537 ἀσθενέα
968 3481 1102 3560 ποιησειν
1119 3472 1196 3538 ὥστε
1215 3524 1221 3537 .
1237 3523 1266 3537 ..

206 3595 236 3659 Α
262 3600 335 3664 189.
362 3601 418 3677 11;
444 3596 456 3661 1
481 3601 533 3665 51.
559 3602 617 3678 10;
642 3597 668 3661 Β
692 3602 744 3666 68.
770 3603 808 3664 21
835 3601 890 3683 (=
915 3611 955 3683 τῷ
978 3596 1193 3684 κροκοδείλῳ);

205 3761 417 3769 ——--—-——-

315 3850 323 3877 ¹
348 3851 407 3905 Hoc
432 3851 493 3906 loeo
512 3851 636 3932 dubitari
656 3855 750 3906 tamen
768 3855 870 3920 potest,
890 3855 983 3906 utrum
1003 3842 1030 3900 οἷ
1046 3851 1082 3905 ad
1102 3848 1212 3921 ἄγαλμα
1232 3869 1268 3905 κα

206 3940 242 3994 ad
260 3945 305 3991 τοῦ
326 3938 387 3999 Διός
406 3940 507 3995 rectius
525 3942 669 3996 referatur.
699 3941 752 3995 Sed
769 3941 841 3994 illud
859 3941 949 4011 primo
963 3942 1094 4010 adspectu
1106 3941 1197 4010 magis
1209 3942 1268 4010 plu-

205 4033 256 4095 cet,
276 4033 305 4084 et
322 4029 352 4082 id
371 4030 459 4084 solum
478 4030 683 4085 dubitationem
703 4033 804 4094 movet.
824 4031 898 4099 quod
917 4021 943 4079 οἷ
959 4030 1014 4083 nisi
1033 4029 1208 4099 paucissimis
1227 4030 1266 4085 lo·

205 4119 243 4173 cis
263 4119 371 4190 generis
389 4119 513 4174 neutrius
533 4124 589 4184 est3
609 4121 650 4174 cfr
669 4116 694 4170 A
717 4120 774 4174 181.
797 4120 836 4183 17,
856 4120 930 4187 quod
948 4120 1020 4174 illud
1040 4120 1193 4174 confirmat.
