3117 4950
726 417 899 493 ...14-
1001 434 1002 437 =

278 615 352 676 quoe*
374 594 482 656 addita
505 597 563 671 est,
587 595 766 677 oppositum
791 594 911 677 aliquid
934 595 1034 658 menti
1050 595 1212 692 scriptoris
1228 598 1342 662 obver-

171 776 176 785 ,
278 723 383 783 satum
417 742 484 784 esse
520 721 667 785 ostendit.
725 720 794 796 Qua
828 721 977 784 orationis
1012 721 1117 805 figura
1147 720 1291 786 adhibita
1313 723 1342 786 is

279 846 333 929 qui
357 846 470 909 scribit
485 847 537 909 vel
552 845 692 929 loquitur
708 846 814 909 dicere
830 846 909 925 vult,
933 847 1223 929 quomodocumque
1240 869 1290 910 res
1306 848 1340 911 in

279 971 394 1033 ceteris
410 972 555 1035 omnibus
572 993 605 1034 se
622 969 749 1050 habeat,
767 971 873 1054 ipsum
888 974 974 1035 certe
991 971 1107 1049 dicere,
1124 973 1215 1050 scire,
1233 972 1339 1036 facere

279 1095 409 1179 aliquid.
445 1094 560 1179 Neque
576 1094 628 1159 hic
644 1116 772 1159 necesse
791 1100 848 1174 est,
865 1099 901 1160 ut
917 1099 969 1178 μέν
985 1096 1144 1179 particula
1161 1098 1342 1180 subjectum

278 1222 498 1305 subsequatur,
522 1243 597 1285 nam
619 1224 691 1304 post
714 1222 800 1285 aliud
819 1222 1044 1285 enuntiationis
1060 1222 1249 1286 vocabulum
1263 1223 1339 1305 poni

278 1349 392 1429 potest.

384 1469 457 1535 Non
492 1472 624 1535 distinxi
658 1494 696 1535 ea
731 1472 887 1554 exempla,
923 1472 978 1536 ubi
1009 1467 1062 1553 μέν
1085 1473 1151 1535 vim
1173 1472 1340 1554 particnlae

279 1598 475 1661 affirmativa
498 1598 603 1680 potius
628 1598 803 1679 acceperit;
828 1597 984 1680 oppositio
1000 1597 1095 1675 enim,
1112 1598 1254 1679 qvamvis
1270 1619 1341 1660 eam

278 1722 442 1786 reticuerit
465 1723 610 1806 scriptor,
634 1722 735 1785 nihilo
757 1722 863 1784 minus
880 1725 945 1795 est.

386 1844 443 1924 ἐγὼ
467 1841 520 1928 μέν
544 1868 592 1909 νον
616 1847 717 1909 θεοῖσι
740 1846 804 1932 ἔχω
822 1850 922 1930 χάριν,
947 1844 977 1907 οἲ
991 1841 1045 1907 οὐκ
1062 1843 1110 1908 ἐπὶ
1127 1850 1191 1908 νόον
1207 1840 1340 1936 ποιέουσι

208 2036 211 2047 1
278 1965 414 2053 Πέρσῃσι
450 1973 669 2053 οτματεὺεοθαι
700 1970 748 2034 ἐπὶ
771 1969 893 2041 Λυδοὺς
928 1968 1118 2048 A71.18;
1154 1967 1255 2035 Bll.
1282 1972 1340 2046 18;

279 2097 330 2162 73.
356 2100 392 2174 2;
429 2094 452 2158 Γ
478 2098 529 2163 83.
555 2100 584 2163 8.

257 2230 260 2245 ’
385 2219 442 2299 ἐγὼ
467 2219 521 2306 μέν
544 2244 593 2285 νον
618 2217 694 2309 φημί
717 2219 743 2283 Β
766 2224 819 2287 49.
846 2224 886 2286 10
904 2223 925 2286 ¹.

385 2343 426 2418 ὡς
450 2352 502 2431 μὲν
527 2346 585 2426 ἐγὼ
609 2350 727 2433 γνώμην
752 2345 959 2432 ἀποφαίνομαι
983 2343 1099 2410 Β120,
1117 2347 1176 2422 26;
1212 2342 1340 2410 Δ16.8
1423 2436 1426 2441 .

278 2469 363 2557 (ἀλλ’
387 2470 456 2548 ὅσον
481 2479 534 2557 μὲν
557 2471 646 2560 ἡμεῖς
671 2522 677 2535 .
704 2521 710 2535 .
737 2472 769 2554 .).

385 2600 416 2682 β)
446 2599 494 2664 Re
523 2604 592 2663 tum
614 2623 677 2664 non
699 2600 836 2663 multum
859 2599 967 2678 distat,
990 2621 1087 2683 quum
1110 2599 1157 2661 vis
1180 2596 1340 2681 pronomi-

277 2727 326 2790 nis
362 2726 540 2809 antipositis
574 2725 750 2808 partiendis,
785 2747 856 2807 quae
891 2727 965 2787 sunt
993 2726 1045 2784 καί
1076 2727 1109 2787 et
1132 2718 1201 2784 οὐδὲ
1225 2717 1340 2806 (μηδὲ),

278 2854 372 2914 aucta
395 2854 444 2914 est
467 2853 499 2913 et
523 2851 562 2914 ad
586 2851 672 2914 aliud
695 2852 875 2934 subjectum
898 2850 1045 2927 refertur,
1070 2849 1162 2932 quod,
1187 2849 1247 2911 etsi
1262 2848 1340 2931 ipsis

279 2978 385 3042 verbis
420 2998 482 3039 non
517 2997 711 3059 expressum,
755 2998 861 3039 rerum
895 2979 1003 3039 tamen
1037 2975 1118 3037 serie
1153 2974 1340 3056 plerumque

277 3083 478 3186 perspicitur.
524 3099 604 3164 Haec
629 3101 713 3163 enim
735 3101 841 3165 verbis
865 3100 1006 3165 involuta
1023 3102 1071 3163 est
1086 3098 1254 3177 sententia,
1278 3120 1341 3161 non

278 3227 378 3291 solum
403 3226 520 3289 'alium'
545 3225 596 3288 vel
620 3223 729 3303 'alios',
754 3225 809 3288 sed
834 3225 930 3289 etiam
955 3228 1024 3302 'me,
1052 3228 1095 3302 te,
1113 3226 1195 3287 eum’
1220 3222 1340 3307 aliquid

278 3353 384 3414 tacere
419 3351 471 3415 vel
505 3372 584 3415 esse.
637 3343 737 3419 Atro<
767 3353 884 3427 autem,
915 3353 950 3413 ut
970 3352 1038 3434 jam
1062 3351 1341 3414 commemoratum

279 3480 337 3553 est,
368 3475 554 3558 antepositis
583 3472 634 3537 his
657 3474 823 3558 particulis
846 3475 912 3537 vim
936 3475 1024 3557 'ipse'
1049 3474 1195 3537 amittere
1220 3475 1252 3534 et
1274 3472 1341 3554 sig·

277 3647 490 3663 ι-.-----------δ-

389 3757 397 3784 ¹
415 3760 460 3813 Ita
482 3757 612 3822 Steinius,
640 3758 882 3827 Goettlingianam
901 3758 1056 3813 doctrinam
1076 3759 1193 3818 secutus,
1213 3754 1339 3816 exhibet3

277 3848 425 3903 Abichtius
453 3850 547 3902 autem
575 3864 679 3902 morem
706 3847 823 3902 acuendi
851 3848 996 3916 vulgarem
1015 3844 1147 3914 sequitur,
1170 3848 1202 3898 nt
1221 3842 1273 3912 ἐγὼ
1293 3841 1342 3912 μέν

279 3935 322 3988 νύν
342 3954 413 4006 φημι
431 3936 571 3991 exhibeat.
596 3966 628 3975 -
648 3935 752 3990 Eodem
771 3936 832 3990 loco
852 3936 882 3989 in
901 3934 1112 3990 continuatione
1131 3932 1265 3987 orationis
1285 3929 1338 4000 ἐγώ

278 4026 409 4080 omissum
429 4030 483 4081 est:
503 4022 533 4075 ot
551 4026 602 4095 γὰρ
623 4022 658 4096 δὴ
677 4024 756 4095 φήσω
777 4064 783 4074 .
804 4064 810 4075 .
831 4063 837 4075 .
857 4021 886 4075 od
906 4025 953 4093 μὲν
973 4020 1032 4073 οὐδὲ
1052 4021 1140 4092 φήσω.
