3117 4950
1520 1356 1708 1422 GAP.
1754 1356 1835 1423 V.

649 1536 738 1615 De
791 1535 1285 1635 pronominibus
1341 1534 1687 1615 indirecto‘
1713 1535 2039 1615 reflexivis
2095 1537 2318 1616 tertiae
2375 1559 2695 1636 personae.

826 1733 924 1798 De
973 1733 1447 1817 pronominibus
1493 1733 1802 1798 indirecte
1851 1733 2169 1799 reflexivis
2202 1735 2409 1799 tertiae
2428 1721 2731 1819 'personae

611 1859 780 1942 apud
847 1858 1241 1923 Herodotum
1308 1859 1646 1923 admodum
1714 1859 1987 1923 difficilis
2049 1862 2144 1924 est
2199 1861 2487 1944 quaestio.
2594 1859 2732 1936 Qua

613 1988 777 2048 vain]
849 1986 914 2048 et
980 1983 1086 2047 hic
1155 1986 1220 2048 et
1287 1983 1397 2047 alii
1457 1984 1795 2067 scriptores
1856 1983 2063 2048 Graeci
2123 1987 2388 2049 utuntur
2430 1986 2730 2050 libertate

617 2132 952 2192 prs‘uromen
1011 2109 1341 2192 personale
1400 2108 1493 2172 ibi
1554 2108 1920 2188 adhibendi,
1980 2109 2090 2174 ubi
2151 2110 2497 2174 severiores
2543 2111 2730 2174 latini

609 2236 912 2299 ÷m⁴1110nis
971 2234 1149 2320 leges
1209 2233 1586 2298 reflexivum
1629 2233 1950 2317 postulent
1998 2237 2063 2298 et
2108 2234 2232 2317 ipsi
2279 2256 2347 2299 re
2394 2258 2545 2299 vera
2589 2235 2729 2321 ple-

613 2384 872 2445 rumque
932 2348 1258 2445 usurpent,
1313 2359 1530 2423 multis
1576 2359 1730 2423 locis
1777 2359 1948 2424 haud
1994 2359 2183 2424 facile
2231 2359 2408 2424 factu
2455 2364 2550 2424 est
2596 2363 2727 2424 sta-

613 2492 806 2567 tuf-re,
877 2509 1017 2571 quae
1091 2488 1387 2551 dicuntur
1447 2508 1526 2549 ex
1574 2486 1784 2550 animo
1830 2488 1988 2572 ejuS,
2036 2485 2146 2570 qui
2191 2486 2473 2570 loquenS,
2522 2487 2728 2551 sciens

609 2616 904 2694 viiicienS,
961 2591 1101 2678 sim.
1157 2612 1497 2692 inducitur,
1561 2612 1812 2675 dictane
1860 2612 2005 2692 sint,
2069 2634 2150 2676 an
2196 2613 2467 2695 scriptor
2512 2635 2729 2676 rerum

609 2738 1064 2820 valentionem
1112 2738 1191 2801 ad
1237 2760 1420 2801 suum
1464 2738 1568 2801 vel
1615 2738 1895 2818 alteriuS,
1944 2760 2069 2801 non
2116 2737 2385 2801 dicentis
2433 2740 2553 2801 etc.
2588 2737 2726 2800 ani-

610 2888 781 2928 num]
848 2864 1106 2928 referat.
1198 2862 1357 2927 Haec
1427 2864 1696 2947 quaestio
1757 2864 1925 2947 apud
1971 2859 2359 2928 Herodotum
2405 2864 2583 2926 tanto
2631 2864 2728 2926 est

609 2990 953 3071 difficilior,
998 2990 1167 3075 quod
1224 2989 1291 3052 in
1340 2989 1881 3053 enuntiationibus
1928 2989 2229 3053 orationis
2276 2988 2548 3072 obliquae
2595 2988 2725 3053 for-

609 3140 761 3195 mas,
819 3138 960 3200 quae
1022 3118 1168 3179 sunt
1215 3110 1301 3188 εὖ,
1358 3110 1432 3188 οἷ,
1483 3117 1601 3198 μίν,
1665 3115 1858 3179 etiam
1918 3136 2057 3198 quae
2108 3137 2145 3178 a
2192 3134 2304 3201 σφ-
2348 3113 2579 3177 litteris
2624 3113 2723 3176 in-

609 3244 869 3324 vilsiunt,
916 3242 1155 3325 passim
1204 3240 1485 3320 adhibet,
1536 3241 1765 3325 quibus
1812 3240 2031 3304 formis
2063 3240 2409 3323 saepissime
2444 3238 2725 3322 anapho-

609 3368 818 3447 vicinam,
866 3388 1356 3451 nonnumquam,
1406 3366 1525 3430 etsi
1571 3366 1912 3446 rarissime,
1962 3365 2198 3429 directe
2246 3364 2533 3430 reflexivi
2576 3386 2723 3449 pro-

609 3492 873 3556 mainis
931 3496 1245 3576 praeterea
1298 3492 1525 3557 tribuit
1569 3492 1720 3556 vim.
1813 3489 1938 3556 Sed
1984 3493 2054 3554 ut
2100 3493 2533 3575 cognoscatur,
2582 3511 2721 3573 quae

605 3618 971 3701 pronomina
1030 3618 1098 3681 in
1157 3617 1697 3682 enuntiationibus
1742 3616 2170 3702 pendentibus
2219 3615 2541 3695 adhibeat,
2588 3637 2724 3679 rem

609 3749 693 3805 ita
765 3744 1167 3809 instituturus
1236 3765 1394 3824 sum,
1466 3747 1537 3807 ut
1585 3765 1825 3829 genera
1871 3742 2376 3807 enuntiationum
2422 3730 2722 3806 orationis

605 3869 872 3953 „miquae
933 3869 1348 3953 pendentium
1394 3869 1785 3955 distinguam
1832 3871 2021 3953 atque
2051 3868 2137 3931 ‘in
2182 3889 2555 3952 unoquoque
2606 3887 2722 3950 ge-

609 4021 749 4057 ram-n
811 3996 1268 4059 sententiarum
1316 3996 1634 4080 exemplis·
1670 3996 1723 4059 si
1769 4017 1894 4059 non
1939 3994 2231 4058 omnibus
2279 3995 2346 4058 at
2390 3992 2714 4076 plerisque

605 4125 812 4185 ,allatis
859 4122 1205 4201 ostendam,
1254 4121 1561 4206 quomodo
1608 4143 1748 4205 quae
1797 4121 2156 4206 subjectum
2202 4118 2537 4183 sententiae
2585 4116 2720 4200 pri-
