3117 4950
562 420 565 425 “
645 400 817 473 -57-

197 586 307 653 mariae
336 591 483 673 spectant
511 588 696 681 pronomina
726 589 766 652 ab
796 586 957 651 Herodoto
979 582 1084 651 verbis
1107 603 1257 670 expressa

197 713 271 778 sint.
317 712 368 779 Sic
399 714 483 778 enim
513 735 631 799 genera
654 712 884 777 sententiarum
906 713 990 776 inter
1013 734 1047 776 se
1069 713 1183 777 melius
1206 734 1256 777 se-

125 832 129 837 ’
196 841 351 922 parantur
379 860 480 923 neque
511 861 586 902 usus
613 838 817 903 contruditur
838 808 1031 921 pronominis
1054 839 1158 903 tertiae
1182 859 1256 923 per-

196 986 291 1045 sonae,
315 966 399 1049 quod
414 965 454 1029 ad
471 986 552 1044 eum,
569 964 672 1048 quiin
688 964 847 1029 sententia
862 965 1103 1047 superordinata
1118 965 1255 1050 subjecti

195 1092 285 1154 tenet
306 1090 419 1169 locum,
443 1064 609 1155 revocatur
622 1089 642 1155 1.
1230 1075 1233 1082 ’

301 1212 486 1299 Antequam
520 1215 675 1298 exempla,
717 1237 789 1299 quse
823 1214 886 1279 huc
919 1216 1047 1299 proprie
1082 1216 1254 1300 pertinent,

196 1361 355 1421 enumero,
386 1362 490 1426 operae
520 1341 660 1424 pretium
682 1363 749 1405 esse
773 1341 899 1405 videtur
920 1341 960 1405 de
983 1343 1126 1427 subjecto
1148 1341 1255 1406 infini-

194 1465 254 1530 tivi
294 1466 461 1550 pendentis
502 1466 653 1531 nonnulla
687 1466 859 1549 disputare,
899 1467 927 1530 si
960 1467 1089 1550 quidem
1122 1470 1255 1532 verbum

195 1591 361 1656 sententiae
402 1591 562 1674 primariae
598 1594 630 1655 et
663 1591 839 1656 infinitivus
874 1593 913 1656 de
940 1614 1002 1657 uno
1025 1593 1120 1676 atque
1144 1593 1254 1657 eodem

193 1716 419 1801 praedicantur.
471 1715 553 1780 Tum
587 1719 694 1780 autem
727 1716 780 1781 lex
815 1720 872 1796 est,
909 1719 945 1780 ut
974 1718 1153 1802 subjectum
1181 1719 1254 1782 infi-

194 1840 287 1905 nitivi
322 1841 408 1906 nullo
443 1840 586 1906 adhibito
618 1841 804 1926 pronomine
837 1842 1005 1908 indicetur.
1060 1841 1106 1906 At
1128 1844 1156 1906 si
1178 1845 1254 1909 sub·

190 1966 322 2049 jectum,
350 1967 434 2050 quod
456 1966 612 2032 infinitivo
635 1989 708 2031 cum
729 1968 827 2032 verbo
850 1970 981 2053 regente
1005 1989 1169 2033 commune
1194 1972 1251 2050 est,

192 2093 312 2176 majore
337 2091 444 2176 aliqua
466 2093 498 2157 vi
522 2095 570 2157 est
584 2094 862 2176 pronuntiandum,
884 2115 942 2172 sua
957 2115 1033 2157 voce
1050 2094 1253 2179 designatum

193 2215 340 2295 effertnr3
371 2239 441 2301 quae
473 2217 584 2282 eadem
606 2217 673 2282 fere
696 2218 730 2282 in
752 2217 931 2303 participiis
954 2219 1072 2284 valent.
1118 2219 1161 2283 Et
1183 2218 1252 2284 He·

192 2341 319 2406 rodotus
353 2342 481 2426 quidem
515 2342 597 2407 hanc
632 2365 700 2407 rem
733 2344 779 2408 ita
813 2344 925 2424 variat,
960 2347 996 2408 ut
1023 2347 1078 2409 aut
1102 2344 1135 2427 α)
1160 2339 1253 2415 αότός

302 2592 392 2649 ¹Mea
419 2594 455 2648 ab
481 2592 534 2648 illa
562 2593 660 2649 Caneri
682 2611 773 2650 rerum
797 2593 1002 2659 distributione,
1031 2595 1129 2663 quael.
1149 2596 1251 2666 Lpag.

194 2682 243 2737 153
263 2686 312 2748 est,
331 2701 387 2737 non
404 2684 488 2753 longe
506 2683 619 2738 recedit.
645 2684 672 2738 Is
691 2683 765 2739 enim
785 2687 886 2748 censet,
904 2683 934 2737 in
952 2684 1132 2755 hypotaetieo
1150 2703 1248 2754 prono·

191 2773 275 2826 minis
295 2772 387 2827 tertiae
405 2790 529 2842 personae
548 2792 599 2827 usu
617 2776 751 2842 quattuor
769 2791 871 2843 genera
889 2773 1084 2843 distinguenda
1100 2791 1166 2839 esse,
1186 2793 1251 2844 quo-

190 2881 252 2917 rum
270 2882 356 2918 unum
374 2861 532 2932 participia,
557 2863 679 2918 alterum
701 2861 864 2928 infinitivus,
883 2861 999 2917 tertium
1018 2863 1170 2918 sententias
1189 2849 1257 2918 sub·¹
1308 2884 1310 2888 ·

191 2951 334 3007 ordinatas
362 2951 539 3020 conjunctivo
567 2956 596 3007 et
622 2952 757 3021 optativo,
784 2954 915 3021 quartum
933 2952 1014 3006 modo
1033 2951 1187 3007 indicativo
1206 2971 1251 3009 ex·

191 3059 298 3110 pressas
322 3041 471 3097 contineat.
515 3041 603 3111 Supra
630 3058 713 3110 quam
741 3059 809 3111 opus
840 3044 883 3096 est
910 3059 939 3095 se
961 3059 1099 3107 excusare,
1118 3043 1191 3110 quod
1209 3041 1251 3097 in·

191 3130 330 3185 dicativus
360 3130 389 3184 in
421 3132 495 3185 hunc
527 3130 626 3194 retulit
657 3148 812 3194 numerum,
832 3133 916 3199 atque
940 3129 1023 3183 nimis
1051 3129 1120 3184 artis
1149 3130 1250 3185 finibus

189 3237 271 3272 usum
293 3219 369 3274 modi
391 3218 540 3274 indicativi
562 3220 593 3273 in
611 3219 738 3275 oratione
756 3219 871 3288 obliqua
890 3218 1112 3275 circumscribere
1130 3219 1249 3288 videtur,

191 3308 293 3374 dicens,
316 3307 398 3362 ilium
420 3310 532 3363 modum
555 3312 614 3363 tum
635 3309 732 3374 solum,
751 3328 837 3377 quum
855 3308 885 3361 in
904 3308 1096 3363 enuntiatione
1115 3308 1211 3378 aliqua
1231 3329 1249 3366 a

191 3397 283 3453 verbis
302 3397 493 3465 cognoscendi,
513 3397 660 3468 gaudendi,
680 3398 793 3453 dolendi
805 3398 943 3467 pendente
955 3397 1122 3463 inveniatur,
1142 3398 1250 3467 aliquid

191 3485 265 3555 quod
283 3503 318 3541 ex
336 3503 416 3541 sensu
436 3487 635 3557 cognoscentis,
655 3486 812 3556 gaudentis,
831 3486 952 3541 dolentis
971 3487 1078 3541 dictum
1096 3486 1142 3552 sit,
1162 3488 1248 3542 conti·

190 3593 263 3631 nere.
299 3576 374 3630 Nam
401 3575 430 3630 id
457 3578 490 3631 fit
513 3575 598 3631 etiam
621 3576 652 3629 in
670 3575 911 3631 enuntiationibus
929 3576 1096 3645 quibusdam
1113 3576 1249 3633 indirecte

191 3664 408 3734 interrogativis,
437 3665 467 3718 in
495 3665 642 3721 sententiis
669 3665 808 3731 finalibus,
837 3665 886 3734 qui
913 3684 930 3720 a
952 3666 1071 3720 relativo
1099 3665 1247 3736 incipiunt,

191 3754 252 3808 sim.
292 3753 389 3824 Neque
413 3754 606 3823 conjunctivus
624 3754 715 3824 magis
734 3773 819 3824 quam
836 3754 1006 3809 indicativus
1025 3754 1160 3810 orationis
1179 3754 1249 3809 obli-

191 3862 252 3913 quae
280 3843 382 3899 Graecae
408 3844 535 3914 proprius
559 3847 609 3899 est.
646 3844 723 3913 Saepe
742 3848 844 3909 autem,
864 3844 991 3913 quamvis
1011 3843 1145 3899 orationis
1164 3847 1248 3898 rectae
1321 3905 1327 3922 x

190 3933 267 3988 modi
283 3933 387 3988 mutati
404 3952 460 3988 non
479 3933 543 3999 sint,
562 3952 614 3987 usu
632 3933 803 4002 pronominis
821 3934 944 3989 reflexivi
964 3932 1127 3998 ostenditur,
1140 3950 1169 3988 re
1182 3951 1248 3988 vera

191 4022 345 4079 orationem
370 4041 428 4078 esse
448 4023 590 4092 obliquam
615 4021 668 4090 (cfr
687 4013 816 4079 Cevallin
834 4024 914 4090 §107
926 4041 998 4077 anm.
1013 4022 1049 4091 2).
1087 4022 1190 4077 Contra
1207 4023 1247 4089 fit,

190 4115 224 4167 ut
240 4113 329 4168 modis
348 4112 465 4168 mutatis
485 4108 564 4172 αὐτὸς
582 4130 734 4182 pronomen
752 4116 906 4183 usurpetur.

1124 4201 1141 4255 5
