3117 4950
523 520 527 533 Ι
650 426 824 496 --sr-u

203 616 263 679 rat.
309 606 416 698 Atque
452 614 549 678 etiam
577 613 649 691 loci,
679 613 735 677 ubi
758 605 810 698 opi
833 611 918 695 apud
941 613 1110 694 utrumque
1134 610 1263 697 legitur,

204 764 223 804 a
255 742 343 821 loris,
375 741 431 824 qui
461 742 544 827 optor
568 740 608 804 ab
631 742 765 823 utroque
790 740 909 804 editore
933 739 968 803 in
986 724 1141 804 'contextu
1164 740 1265 825 scrip·

169 870 272 965 'tum
308 866 438 946 habent,
478 888 540 929 non
574 865 710 929 multum
744 888 875 930 numero
910 866 1071 931 differunt.
1128 864 1265 930 Videtur

204 992 316 1077 igitur,
333 993 360 1056 si
377 991 533 1059 Steinium
549 991 720 1074 sequimur,
737 986 790 1077 σφί
806 992 912 1055 dativo
923 992 971 1056 vis
982 992 1176 1076 pronominis
1189 1015 1265 1056 ana·

202 1117 326 1201 phorioi
349 1121 405 1182 aut
427 1120 494 1181 tam
516 1117 629 1181 leviter
653 1117 808 1196 reflexivi,
832 1120 868 1180 ut
892 1140 929 1181 ea
952 1119 1000 1181 vis
1015 1141 1079 1182 non
1094 1118 1260 1196 sentiatur,

203 1245 243 1309 ab
267 1243 572 1333 Herodoto‘tn'buta
596 1264 674 1322 esse,
700 1237 783 1328 σφίσι
806 1244 908 1307 forma
932 1248 1037 1308 autem
1060 1245 1129 1308 loco
1149 1266 1264 1328 prono-

202 1369 297 1433 minis
320 1391 395 1432 vere
417 1368 563 1433 reflexivi
586 1391 712 1453 semper
734 1369 892 1434 habenda.

309 1493 383 1558 Jam
407 1492 495 1580 (pag.
521 1493 562 1557 64
586 1496 651 1560 not.
676 1494 710 1577 3)
734 1496 954 1575 animadverti,
980 1491 1010 1556 οἷ
1030 1495 1116 1560 haud
1131 1519 1203 1560 raro
1219 1497 1265 1561 ita

202 1619 340 1687 locatum
370 1642 448 1697 esse,
479 1624 515 1683 ut
539 1642 578 1684 ex
601 1621 759 1684 sententia
783 1619 896 1685 Steinii
919 1644 1092 1704 pronomen
1115 1644 1189 1686 vere
1213 1645 1264 1686 re-

202 1744 354 1809 flexivum
387 1744 567 1810 Herodotus
601 1746 762 1831 praeferat.
810 1745 911 1822 Quam
944 1747 1053 1832 legem
1087 1771 1106 1810 a
1141 1746 1263 1812 Steinio

203 1871 430 1955 investigatam
452 1894 647 1956 quamquam
669 1895 732 1936 non
759 1894 885 1957 semper
900 1875 1060 1936 seruatam
1076 1894 1143 1936 esse
1159 1895 1262 1956 neque
1377 1932 1379 1937 χ

203 1996 376 2080 quidquam
410 1998 447 2061 de
482 1998 515 2062 vi
547 2000 579 2062 et
608 1998 842 2083 significatione
872 1997 1076 2082 pronominis,
1100 2000 1208 2060 utrum
1230 1998 1264 2061 id

201 2144 260 2205 pro
297 2122 480 2205 pronomine
520 2121 711 2217 anaphorica
728 2146 786 2199 ‚an
820 2145 895 2186 vere
930 2122 1081 2186 reflexivo
1115 2121 1265 2187 habuerit

202 2246 392 2325 Herodotus,
416 2248 489 2311 inde
514 2270 572 2331 pro
595 2250 681 2312 certo
705 2249 803 2311 statui
826 2270 917 2331 posse
942 2248 1044 2321 oredo,
1069 2250 1179 2311 tamen
1200 2270 1262 2312 non

204 2373 317 2435 desunt
352 2373 507 2456 exempla,
544 2373 578 2436 in
612 2373 727 2457 quibus
758 2368 788 2435 οἷ
816 2377 848 2437 et
871 2369 981 2434 ἑωυτοῦ
1004 2374 1038 2437 in
1062 2374 1173 2436 eadem
1196 2373 1263 2437 fere

203 2499 372 2563 verborum
406 2500 626 2583 conjunctione
661 2499 873 2583 reperiantur,
903 2490 1025 2564 utnon
1048 2499 1089 2563 sit
1113 2499 1263 2590 audacius

204 2623 329 2710 dicere,
343 2618 380 2697 οἷ,
405 2624 669 2707 quemadmodum
692 2625 976 2688 demonstrativum
998 2625 1050 2688 vel
1065 2624 1170 2708 potius
1187 2647 1263 2687 ana-

203 2747 370 2831 phorioum
393 2749 444 2828 sit,
469 2749 515 2812 ita
537 2772 680 2832 persaepe
704 2753 773 2812 tum
791 2749 946 2829 adhiberi,
963 2773 1061 2832 quum
1077 2749 1263 2813 reflexivum

204 2875 383 2957 exspectari
407 2876 440 2938 et
462 2897 531 2938 esse
554 2875 663 2957 possit.

310 2999 476 3083 Ejusmodi
501 2991 655 3092 exempla„
670 3002 744 3063 sunt
766 2999 853 3064 haeo:

309 3120 331 3184 Z
354 3125 384 3189 5.
410 3125 450 3188 10
479 3120 617 3186 ἐνθεῦτεν
642 3123 685 3197 δέ,
710 3118 743 3185 οὐ
767 3125 825 3208 γὰρ
849 3122 954 3185 ἔπειθε
978 3125 1047 3196 τοὺς
1070 3118 1164 3194 Χίους
1187 3118 1262 3186 ὥστε

203 3245 328 3331 ἑωυτῷ
353 3248 454 3311 δουναι
476 3245 556 3322 νέοις,
582 3249 666 3335 διέβη
690 3246 723 3319 ἐς
738 3245 912 3335 Μυτιλήνην
929 3251 982 3311 καὶ
999 3248 1099 3311 ἔπεισε
1112 3246 1263 3331 Λεσβίους

204 3373 339 3436 δοῦναί
362 3368 397 3436 οἱ
419 3377 500 3443 νέας.

309 3495 330 3558 Ζ
366 3499 417 3563 61.
453 3499 494 3562 26
525 3501 577 3583 τὴν
606 3498 638 3561 δὲ
661 3493 807 3560 κελεῦσαί
831 3494 865 3560 οἱ
890 3497 973 3570 δέξαι
995 3503 1027 3563 et
1050 3501 1117 3564 ibm
1139 3500 1195 3564 lin.
1220 3501 1261 3563 28

203 3625 254 3709 την
279 3622 311 3685 δὲ
335 3625 452 3693 πάντως
476 3620 597 3707 ἑωυτῇ
620 3624 755 3685 notetur
780 3621 923 3695 ἐπιδέξαι.

309 3745 331 3809 Ζ
366 3749 417 3814 63.
454 3750 495 3812 12
530 3747 625 3810 παῖδα
654 3749 711 3830 γὰρ
735 3751 783 3810 τὸν
807 3745 986 3834 Δημάρητον
1011 3747 1043 3819 ἐς
1067 3750 1104 3810 τὰ
1128 3750 1263 3832 μάλιστά

204 3868 232 3935 οἱ
255 3873 343 3956 (sibi)
367 3849 487 3957 ἐνόμισε
522 3869 598 3935 εἶναι
633 3877 665 3984 et
694 3874 761 3939 ibm
792 3875 844 3939 65.
871 3875 909 3937 17
935 3870 951 3936 ὁ
976 3873 1008 3935 δὲ
1033 3875 1262 3957 συμβαλόμενος

203 3999 272 4069 τοὺς
306 4008 404 4084 μῆνας
438 3995 592 4082 ἀπώμοσε,
624 3999 684 4084 φὰς
708 3993 762 4060 ουν
786 3994 928 4060 ἑωυτοῦ
953 4019 1001 4082 μιν
1026 3994 1112 4064 εἶναι.
1159 3995 1262 4063 cfr&

204 4124 279 4189 rao.
304 4125 356 4205 17,
378 4146 453 4210 pag.
479 4125 520 4187 or
544 4127 625 4189 extr.
649 4125 793 4188 anatum.
896 4107 900 4116 ’
