3117 4950
619 454 792 521 ,μού

170 661 267 723 quum
300 639 479 723 indignatio
512 637 564 701 vel
598 638 765 701 admiratio
795 660 857 701 non
887 641 954 700 tam
985 637 1020 699 in
1041 659 1109 700 rem
1132 636 1234 719 ipsam

172 784 268 848 quam
291 765 325 827 in
348 786 431 843 eum,
457 764 494 827 de
519 785 581 846 quo
605 763 722 827 dicitur
745 763 876 846 aliquid,
901 762 995 827 cadit.

277 884 307 951 ἐν
341 898 377 971 τη
408 890 464 970 γὰρ
495 883 674 973 ἀνθρωπηίῃ
705 889 774 974 φίνοι
805 883 860 950 οὐκ
890 884 958 973 ἐνην
983 886 1098 970 ἄρατὸ
1122 883 1234 970 μίλλον

171 1015 310 1093 γίνεσθαι
341 1010 531 1095 ἀποτμοίπειν,
563 1009 620 1091 ἐγὼ
645 1012 677 1074 δὲ
701 1013 827 1098 (igitur)
850 1008 866 1075 ὁ
890 1017 1017 1097 μάταιος
1047 1010 1235 1098 Πρηξάσπεα

112 1126 118 1137 ’
172 1136 339 1222 ἀποπέμπω
370 1139 445 1221 (non
474 1140 598 1204 licitum
628 1143 705 1218 erat,
736 1162 807 1222 quae
838 1140 871 1203 in
894 1139 969 1203 fatis
992 1144 1076 1217 sunt,
1101 1140 1232 1218 evitare,

173 1268 263 1350 cujus
286 1266 334 1330 rei
357 1288 407 1329 me
431 1268 546 1329 testem
570 1264 708 1347 appello)
733 1261 755 1326 Γ
781 1265 833 1330 65.
859 1267 910 1329 11.

279 1511 302 1576 ὦ
326 1518 513 1594 γενναιότατε
537 1512 660 1597 ἀνδρῶν,
685 1517 720 1577 οὺ
737 1524 836 1585 κεῖνος
853 1512 896 1584 εἷς
912 1514 945 1584 ὃς
963 1562 970 1577 .
989 1562 995 1576 .
1015 1512 1062 1577 ,Γ
1081 1517 1154 1580 140.
1172 1518 1231 1593 20;

172 1638 202 1702 Η
227 1642 278 1706 17.
304 1643 322 1705 6
347 1638 421 1723 (ἆρα
445 1642 480 1702 οὺ
505 1640 541 1725 δὴ
564 1650 663 1711 κεῖνος
686 1638 730 1710 εἷς
753 1638 769 1703 ὁ
794 1638 987 1703 ἀποοπείδων
1012 1688 1019 1701 .
1046 1688 1052 1702 .
1080 1640 1118 1721 .);
1158 1641 1234 1705 139.

175 1767 217 1829 26
241 1760 340 1848 (αὐτοὶ
364 1761 444 1828 οὗτοι
467 1762 543 1850 ἦσαν
568 1763 596 1828 οί
620 1764 858 1848 ἐπεγείραντες.
884 1815 891 1828 .
918 1768 949 1851 ..)

280 1892 406 1974 θάρσεε,
438 1887 529 1976 Γίηη,
560 1892 613 1952 καί
644 1895 685 1977 μη
716 1893 809 1979 φοβεῦ
839 1891 964 1978 (φοφὲεο
991 1891 1136 1974 Abicht.)
1162 1939 1168 1951 .
1194 1938 1201 1952 .
1227 1939 1234 1952 .

174 2021 215 2102 μη
240 2020 267 2078 τί
290 2039 334 2079 τοι
358 2013 391 2087 ἐς
414 2011 507 2101 αὐτῆς
530 2013 649 2101 γένηται
674 2018 797 2098 βλάβος·
823 2014 920 2102 ἀρχὴν
945 2019 1002 2099 γὰρ
1021 2015 1079 2094 ἐγὼ
1096 2021 1236 2102 μηχανη-

175 2163 265 2226 οομαι
291 2190 297 2202 .
324 2189 331 2203 .
358 2190 364 2202 .
389 2139 448 2219 ἐγὼ
471 2145 528 2223 γάρ
553 2163 586 2202 οε
611 2138 643 2211 ἐς
667 2144 698 2204 τὸ
722 2141 860 2228 οἴκημα.
879 2191 885 2204 .
904 2190 912 2204 .
930 2142 1232 2227 orq'om(curGygae

174 2291 237 2333 non
265 2269 442 2332 timendum
471 2268 578 2346 suerii,
609 2291 646 2331 eo
670 2269 858 2347 ominetur,
889 2270 972 2353 quod
994 2292 1051 2347 rex
1075 2270 1154 2352 ipse,
1179 2270 1234 2352 qui

175 2394 273 2457 verba
296 2394 383 2471 facit,
419 2416 487 2457 rem
510 2394 709 2478 perfecturus
733 2393 795 2477 esi)
819 2390 848 2454 A
870 2395 899 2458 9.
917 2396 953 2470 33
980 2395 1053 2459 116.
1071 2395 1090 2458 9
1108 2389 1235 2477 (Ἀτίμ-

177 2521 279 2602 βαμες,
304 2516 362 2597 ἐγὼ
388 2567 394 2580 .
421 2567 427 2580 .
455 2519 486 2602 ..)

283 2646 337 2705 καί
361 2640 455 2723 λέγων
481 2648 564 2707 τοῦτο’
588 2666 621 2723 γε
646 2647 680 2728 (i.
705 2669 732 2710 e.
757 2649 791 2708 οὲ
816 2642 891 2709 εἶναι
915 2648 963 2708 τὸν
982 2645 1145 2707 κελείνονπα
1161 2641 1237 2707 ἀπο-

176 2778 288 2832 κτεῖναι
320 2772 352 2831 τὸ
383 2769 513 2852 παιδίον)
545 2765 599 2832 οὐκ
624 2768 799 2855 ἐψευδόμην·
826 2773 861 2834 σὺ
884 2772 942 2854 γὰρ
965 2772 1022 2854 (--
1045 2775 1080 2855 ty
1104 2772 1157 2834 det
1179 2794 1237 2836 var

177 2895 218 2958 du
241 2894 320 2977 som)
345 2891 500 2957 ἐνετέλλεο
524 2890 599 2957 οὕτω
624 2892 653 2955 Α
679 2897 752 2961 117.
779 2897 830 2960 15.

283 3015 306 3078 ὡ
337 3020 473 3101 βασιλεῖ),
505 3017 607 3090 ἄλλως
638 3025 690 3104 μὲν
722 3019 816 3099 ἔγωγε
847 3018 882 3083 ἂν
913 3016 968 3083 οὐκ
990 3020 1043 3107 ἤϊα
1067 3019 1099 3092 ἐς
1123 3020 1236 3084 ἄεθλον

177 3144 288 3207 τοιόνδε
307 3192 313 3205 .
334 3192 340 3206 .
360 3192 366 3205 .
384 3153 432 3206 νῦν
457 3144 500 3218 δὲ,
525 3142 622 3207 ἐπείτε
647 3147 683 3207 σὺ
707 3147 774 3229 (det
799 3154 834 3210 ir
858 3149 899 3211 du
922 3146 1002 3229 som)
1027 3146 1166 3217 σπείδεις
1183 3194 1190 3207 .
1208 3199 1236 3212 ..
1304 3171 1308 3198 ν
1349 3155 1354 3166 “

177 3266 287 3331 ποιέειν
311 3264 372 3352 είμί
396 3266 515 3353 ἕτοιμος
538 3279 631 3332 ταῦτα
656 3268 685 3332 Α
710 3271 762 3336 42.
788 3273 818 3337 2.

289 3520 324 3582 οὺ
360 3521 417 3602 γὰρ
452 3517 482 3582 ἐν
517 3518 633 3603 ἀνδρῶν
664 3522 743 3602 λόγῳ
766 3522 867 3604 ('tune
890 3523 924 3585 in
947 3523 1085 3586 virorum
1108 3545 1238 3587 numero

179 3648 360 3709 censeare?
384 3644 529 3728 Abicht.)
554 3642 577 3706 Γ
602 3648 675 3711 120.
702 3648 752 3712 13.

285 3792 312 3835 ο.
357 3769 451 3834 Patet
481 3772 565 3835 inter
595 3795 667 3835 eum
697 3773 752 3856 qui
775 3774 873 3837 verba
889 3773 967 3836 facit
990 3777 1023 3836 ei
1046 3796 1118 3836 eum
1141 3795 1236 3857 quem

179 3896 295 3960 affatur
318 3896 382 3976 ille,
413 3898 643 3980 oppositionem
666 3899 825 3982 quandam
849 3921 916 3962 esse
935 3898 957 3976 ¹;
988 3920 1059 3981 quae
1083 3899 1239 3982 oppositio

289 4161 298 4189 ¹
317 4164 371 4219 cfr.
392 4161 412 4214 Δ
434 4165 483 4219 119
502 4163 567 4219 inde
586 4163 697 4220 alinea
716 4166 747 4219 7:
767 4159 790 4214 εἰ
809 4165 857 4233 μὲν
877 4163 917 4233 μὴ
937 4161 1009 4232 ὑμεῖς
1030 4202 1035 4214 .
1056 4202 1062 4214 .
1082 4203 1088 4214 .

1116 4253 1133 4306 2
