<?xml version="1.0" encoding="UTF-8"?>
<!DOCTYPE html PUBLIC "-//W3C//DTD XHTML 1.0 Transitional//EN"
    "http://www.w3.org/TR/xhtml1/DTD/xhtml1-transitional.dtd">
<html xmlns="http://www.w3.org/1999/xhtml" xml:lang="en" lang="en">
 <head>
  <title>
</title>
<meta http-equiv="Content-Type" content="text/html;charset=utf-8" />
  <meta name='ocr-system' content='tesseract 3.04.00' />
  <meta name='ocr-capabilities' content='ocr_page ocr_carea ocr_par ocr_line ocrx_word'/>
</head>
<body>
  <div class='ocr_page' id='page_1' title='image "./deusupronominum00ekedgoog_0030.png"; bbox 0 0 3117 4950; ppageno 0'>
   <div class='ocr_carea' id='block_1_1' title="bbox 301 331 1363 594">
    <p class='ocr_par' dir='ltr' id='par_1_1' title="bbox 301 331 1363 594">
     <span class='ocr_line' id='line_1_1' title="bbox 748 331 922 392; baseline -0.006 -17"><span class='ocrx_word' id='word_1_1' title='bbox 748 367 789 375; x_wconf 83' lang='grc'>..</span> <span class='ocrx_word' id='word_1_2' title='bbox 815 331 856 392; x_wconf 80' lang='lat'>22</span> <span class='ocrx_word' id='word_1_3' title='bbox 882 367 922 374; x_wconf 83' lang='grc'>..</span> 
     </span>
     <span class='ocr_line' id='line_1_2' title="bbox 301 502 1363 594; baseline 0.004 -26"><span class='ocrx_word' id='word_1_4' title='bbox 301 503 459 591; x_wconf 75' lang='grc' dir='ltr'><strong>ἀναμάξας</strong></span> <span class='ocrx_word' id='word_1_5' title='bbox 489 504 579 594; x_wconf 74' lang='grc' dir='ltr'>φέρω.</span> <span class='ocrx_word' id='word_1_6' title='bbox 615 510 651 569; x_wconf 86' lang='grc' dir='ltr'>τὰ</span> <span class='ocrx_word' id='word_1_7' title='bbox 684 507 716 570; x_wconf 80' lang='grc' dir='ltr'>δὲ</span> <span class='ocrx_word' id='word_1_8' title='bbox 746 515 796 569; x_wconf 80' lang='grc' dir='ltr'>νῦν</span> <span class='ocrx_word' id='word_1_9' title='bbox 821 554 828 568; x_wconf 91' lang='grc'><strong>.</strong></span> <span class='ocrx_word' id='word_1_10' title='bbox 855 556 861 567; x_wconf 95' lang='grc'><strong>.</strong></span> <span class='ocrx_word' id='word_1_11' title='bbox 887 502 949 567; x_wconf 80' lang='grc' dir='ltr'>.Α</span> <span class='ocrx_word' id='word_1_12' title='bbox 981 509 1054 573; x_wconf 92' lang='lat' dir='ltr'>l55.</span> <span class='ocrx_word' id='word_1_13' title='bbox 1081 508 1139 580; x_wconf 88' lang='grc'>17;</span> <span class='ocrx_word' id='word_1_14' title='bbox 1171 504 1294 573; x_wconf 66' lang='lat' dir='ltr'>Bria.</span> <span class='ocrx_word' id='word_1_15' title='bbox 1321 510 1363 572; x_wconf 82' lang='grc'>18</span> 
     </span>
    </p>
   </div>
   <div class='ocr_carea' id='block_1_2' title="bbox 300 627 1364 969">
    <p class='ocr_par' dir='ltr' id='par_1_2' title="bbox 300 627 1364 969">
     <span class='ocr_line' id='line_1_3' title="bbox 300 627 1249 716; baseline -0.001 -22"><span class='ocrx_word' id='word_1_16' title='bbox 300 627 424 716; x_wconf 68' lang='grc' dir='ltr'>(αὐτοὶ</span> <span class='ocrx_word' id='word_1_17' title='bbox 454 655 491 695; x_wconf 87' lang='grc' dir='ltr'>τε</span> <span class='ocrx_word' id='word_1_18' title='bbox 522 629 644 716; x_wconf 77' lang='grc' dir='ltr'>ὡρῶμεν</span> <span class='ocrx_word' id='word_1_19' title='bbox 670 681 677 693; x_wconf 94' lang='grc'><strong>.</strong></span> <span class='ocrx_word' id='word_1_20' title='bbox 704 679 710 693; x_wconf 93' lang='grc'><strong>.</strong></span> <span class='ocrx_word' id='word_1_21' title='bbox 736 680 744 694; x_wconf 88' lang='grc'><strong>.</strong></span> <span class='ocrx_word' id='word_1_22' title='bbox 767 634 834 693; x_wconf 83' lang='grc' dir='ltr'>καὶ</span> <span class='ocrx_word' id='word_1_23' title='bbox 865 628 975 694; x_wconf 68' lang='grc' dir='ltr'>αὐτοὶ</span> <span class='ocrx_word' id='word_1_24' title='bbox 1000 680 1007 692; x_wconf 91' lang='grc'><strong>.</strong></span> <span class='ocrx_word' id='word_1_25' title='bbox 1033 680 1040 693; x_wconf 86' lang='grc'><strong>.</strong></span> <span class='ocrx_word' id='word_1_26' title='bbox 1066 680 1073 693; x_wconf 89' lang='grc'><strong>.</strong></span> <span class='ocrx_word' id='word_1_27' title='bbox 1098 633 1249 716; x_wconf 79' lang='grc' dir='ltr'>λέγομεν).</span> 
     </span>
     <span class='ocr_line' id='line_1_4' title="bbox 407 754 1364 844; baseline 0 -25"><span class='ocrx_word' id='word_1_28' title='bbox 407 754 434 820; x_wconf 83' lang='grc' dir='ltr'>εἰ</span> <span class='ocrx_word' id='word_1_29' title='bbox 457 761 514 840; x_wconf 80' lang='grc' dir='ltr'>γάρ</span> <span class='ocrx_word' id='word_1_30' title='bbox 538 780 582 829; x_wconf 86' lang='grc' dir='ltr'>τις</span> <span class='ocrx_word' id='word_1_31' title='bbox 605 761 743 844; x_wconf 76' lang='grc' dir='ltr'>σομμορη</span> <span class='ocrx_word' id='word_1_32' title='bbox 768 806 775 818; x_wconf 91' lang='grc'><strong>.</strong></span> <span class='ocrx_word' id='word_1_33' title='bbox 803 806 809 818; x_wconf 93' lang='grc'>.</span> <span class='ocrx_word' id='word_1_34' title='bbox 836 805 842 818; x_wconf 86' lang='grc'><strong>.</strong></span> <span class='ocrx_word' id='word_1_35' title='bbox 867 755 1080 836; x_wconf 80' lang='grc' dir='ltr'>ἐγγέγονε...</span> <span class='ocrx_word' id='word_1_36' title='bbox 1105 755 1191 841; x_wconf 78' lang='grc' dir='ltr'>ἐμοί</span> <span class='ocrx_word' id='word_1_37' title='bbox 1221 780 1257 819; x_wconf 87' lang='grc' dir='ltr'>τε</span> <span class='ocrx_word' id='word_1_38' title='bbox 1289 754 1364 842; x_wconf 73' lang='grc' dir='ltr'>αὕτη</span> 
     </span>
     <span class='ocr_line' id='line_1_5' title="bbox 301 877 1364 969; baseline 0 -25"><span class='ocrx_word' id='word_1_39' title='bbox 301 887 403 962; x_wconf 84' lang='grc' dir='ltr'>γέγονε</span> <span class='ocrx_word' id='word_1_40' title='bbox 433 885 499 944; x_wconf 75' lang='grc' dir='ltr'>οιαὶ</span> <span class='ocrx_word' id='word_1_41' title='bbox 529 880 602 961; x_wconf 84' lang='grc' dir='ltr'>ἐγὼ</span> <span class='ocrx_word' id='word_1_42' title='bbox 626 877 720 967; x_wconf 78' lang='grc' dir='ltr'>αὐτῆς</span> <span class='ocrx_word' id='word_1_43' title='bbox 749 885 781 943; x_wconf 84' lang='grc' dir='ltr'>τὸ</span> <span class='ocrx_word' id='word_1_44' title='bbox 813 883 905 969; x_wconf 77' lang='grc' dir='ltr'>πλεῦν</span> <span class='ocrx_word' id='word_1_45' title='bbox 928 886 1058 968; x_wconf 80' lang='grc' dir='ltr'>μέτοχος</span> <span class='ocrx_word' id='word_1_46' title='bbox 1081 878 1152 964; x_wconf 78' lang='grc' dir='ltr'>εἰμι,</span> <span class='ocrx_word' id='word_1_47' title='bbox 1183 879 1245 963; x_wconf 76' lang='grc' dir='ltr'>ὅσῳ</span> <span class='ocrx_word' id='word_1_48' title='bbox 1276 878 1364 952; x_wconf 77' lang='grc' dir='ltr'>αὐτός</span> 
     </span>
    </p>
   </div>
   <div class='ocr_carea' id='block_1_3' title="bbox 301 1004 815 1094">
    <p class='ocr_par' dir='ltr' id='par_1_3' title="bbox 301 1004 815 1094">
     <span class='ocr_line' id='line_1_6' title="bbox 301 1004 815 1094; baseline 0.004 -25"><span class='ocrx_word' id='word_1_49' title='bbox 301 1028 382 1094; x_wconf 77' lang='grc' dir='ltr'>σφεα</span> <span class='ocrx_word' id='word_1_50' title='bbox 404 1005 613 1092; x_wconf 75' lang='grc' dir='ltr'>ἐξεργασάμην</span> <span class='ocrx_word' id='word_1_51' title='bbox 636 1004 660 1068; x_wconf 88' lang='grc' dir='ltr'><strong>Γ</strong></span> <span class='ocrx_word' id='word_1_52' title='bbox 685 1009 737 1071; x_wconf 84' lang='grc'>52.</span> <span class='ocrx_word' id='word_1_53' title='bbox 764 1008 815 1071; x_wconf 92' lang='lat'>15.</span> 
     </span>
    </p>
   </div>
   <div class='ocr_carea' id='block_1_4' title="bbox 212 1255 1366 1469">
    <p class='ocr_par' dir='ltr' id='par_1_4' title="bbox 212 1255 1366 1469">
     <span class='ocr_line' id='line_1_7' title="bbox 408 1255 1366 1341; baseline 0 -20"><span class='ocrx_word' id='word_1_54' title='bbox 408 1255 468 1322; x_wconf 86' lang='grc' dir='ltr'>ΙΙΙ,</span> <span class='ocrx_word' id='word_1_55' title='bbox 521 1258 574 1321; x_wconf 82' lang='lat' dir='ltr'>Ad</span> <span class='ocrx_word' id='word_1_56' title='bbox 605 1261 783 1321; x_wconf 87' lang='lat' dir='ltr'>extremum</span> <span class='ocrx_word' id='word_1_57' title='bbox 806 1258 873 1321; x_wconf 83' lang='lat' dir='ltr'><strong>dixi</strong></span> <span class='ocrx_word' id='word_1_58' title='bbox 896 1279 1069 1341; x_wconf 81' lang='lat' dir='ltr'>pronomen</span> <span class='ocrx_word' id='word_1_59' title='bbox 1091 1258 1257 1340; x_wconf 87' lang='lat' dir='ltr'>personale</span> <span class='ocrx_word' id='word_1_60' title='bbox 1280 1257 1366 1321; x_wconf 90' lang='lat' dir='ltr'>haud</span> 
     </span>
     <span class='ocr_line' id='line_1_8' title="bbox 212 1368 1321 1469; baseline -0.001 -22"><span class='ocrx_word' id='word_1_61' title='bbox 212 1368 217 1375; x_wconf 40' lang='lat'>¹</span> <span class='ocrx_word' id='word_1_62' title='bbox 301 1405 420 1469; x_wconf 84' lang='lat' dir='ltr'>magna</span> <span class='ocrx_word' id='word_1_63' title='bbox 444 1384 476 1447; x_wconf 86' lang='lat' dir='ltr'>vi</span> <span class='ocrx_word' id='word_1_64' title='bbox 499 1384 669 1466; x_wconf 85' lang='lat' dir='ltr'>praeditum</span> <span class='ocrx_word' id='word_1_65' title='bbox 692 1405 750 1465; x_wconf 90' lang='lat' dir='ltr'>pro</span> <span class='ocrx_word' id='word_1_66' title='bbox 773 1384 917 1466; x_wconf 84' lang='lat' dir='ltr'>subjecto</span> <span class='ocrx_word' id='word_1_67' title='bbox 940 1384 1099 1446; x_wconf 88' lang='lat' dir='ltr'>interdum</span> <span class='ocrx_word' id='word_1_68' title='bbox 1122 1383 1197 1466; x_wconf 88' lang='lat' dir='ltr'>poni</span> <span class='ocrx_word' id='word_1_69' title='bbox 1220 1380 1321 1447; x_wconf 84' lang='lat' dir='ltr'>videri</span> 
     </span>
    </p>
   </div>
   <div class='ocr_carea' id='block_1_5' title="bbox 408 1508 983 1591">
    <p class='ocr_par' dir='ltr' id='par_1_5' title="bbox 408 1508 983 1591">
     <span class='ocr_line' id='line_1_9' title="bbox 408 1508 983 1591; baseline -0.003 -18"><span class='ocrx_word' id='word_1_70' title='bbox 408 1509 440 1591; x_wconf 87' lang='lat' dir='ltr'>a)</span> <span class='ocrx_word' id='word_1_71' title='bbox 464 1510 497 1572; x_wconf 92' lang='lat' dir='ltr'>in</span> <span class='ocrx_word' id='word_1_72' title='bbox 520 1508 790 1573; x_wconf 73' lang='lat' dir='ltr'>enuntiationibus</span> <span class='ocrx_word' id='word_1_73' title='bbox 813 1509 983 1591; x_wconf 82' lang='lat' dir='ltr'>primariis</span> 
     </span>
    </p>
   </div>
   <div class='ocr_carea' id='block_1_6' title="bbox 408 1628 1362 1717">
    <p class='ocr_par' dir='ltr' id='par_1_6' title="bbox 408 1628 1362 1733">
     <span class='ocr_line' id='line_1_10' title="bbox 408 1628 1362 1717; baseline 0.003 -24"><span class='ocrx_word' id='word_1_74' title='bbox 408 1629 449 1703; x_wconf 83' lang='grc' dir='ltr'>ὡς</span> <span class='ocrx_word' id='word_1_75' title='bbox 473 1633 505 1695; x_wconf 82' lang='grc' dir='ltr'>δὲ</span> <span class='ocrx_word' id='word_1_76' title='bbox 530 1641 622 1694; x_wconf 81' lang='grc' dir='ltr'>ταῦτα</span> <span class='ocrx_word' id='word_1_77' title='bbox 645 1628 796 1715; x_wconf 79' lang='grc' dir='ltr'>ἀτρεκέως</span> <span class='ocrx_word' id='word_1_78' title='bbox 819 1630 897 1705; x_wconf 76' lang='grc' dir='ltr'>οἶδα,</span> <span class='ocrx_word' id='word_1_79' title='bbox 922 1630 980 1710; x_wconf 83' lang='grc' dir='ltr'>ἐγὼ</span> <span class='ocrx_word' id='word_1_80' title='bbox 1004 1628 1145 1717; x_wconf 76' lang='grc' dir='ltr'>σημανέω</span> <span class='ocrx_word' id='word_1_81' title='bbox 1169 1628 1196 1692; x_wconf 83' lang='grc' dir='ltr'><strong>Α</strong></span> <span class='ocrx_word' id='word_1_82' title='bbox 1221 1633 1362 1697; x_wconf 70' lang='grc'><strong>20914.</strong></span> 
     </span>
    </p>
   </div>
   <div class='ocr_carea' id='block_1_7' title="bbox 274 1753 1367 3718">
    <p class='ocr_par' dir='ltr' id='par_1_7' title="bbox 274 1753 1366 2340">
     <span class='ocr_line' id='line_1_11' title="bbox 409 1753 1366 1843; baseline 0.002 -23"><span class='ocrx_word' id='word_1_83' title='bbox 409 1758 442 1828; x_wconf 82' lang='grc' dir='ltr'>ὃς</span> <span class='ocrx_word' id='word_1_84' title='bbox 466 1757 498 1820; x_wconf 84' lang='grc' dir='ltr'>δὲ</span> <span class='ocrx_word' id='word_1_85' title='bbox 523 1759 643 1828; x_wconf 64' lang='lat' dir='ltr'>rotrone</span> <span class='ocrx_word' id='word_1_86' title='bbox 667 1761 708 1843; x_wconf 78' lang='grc' dir='ltr'>μὴ</span> <span class='ocrx_word' id='word_1_87' title='bbox 733 1755 844 1830; x_wconf 78' lang='grc' dir='ltr'>ὄπωπε,</span> <span class='ocrx_word' id='word_1_88' title='bbox 871 1755 929 1835; x_wconf 83' lang='grc' dir='ltr'>ἐγὼ</span> <span class='ocrx_word' id='word_1_89' title='bbox 955 1757 986 1818; x_wconf 80' lang='grc' dir='ltr'>δέ</span> <span class='ocrx_word' id='word_1_90' title='bbox 1003 1753 1031 1819; x_wconf 86' lang='grc' dir='ltr'>οἱ</span> <span class='ocrx_word' id='word_1_91' title='bbox 1048 1762 1189 1841; x_wconf 71' lang='grc' dir='ltr'>σημανέω</span> <span class='ocrx_word' id='word_1_92' title='bbox 1206 1754 1295 1821; x_wconf 85' lang='grc' dir='ltr'><strong>Γ37.</strong></span> <span class='ocrx_word' id='word_1_93' title='bbox 1310 1759 1366 1835; x_wconf 76' lang='lat'>83¹</span> 
     </span>
     <span class='ocr_line' id='line_1_12' title="bbox 406 1878 1363 1967; baseline 0 -24"><span class='ocrx_word' id='word_1_94' title='bbox 406 1879 431 1943; x_wconf 77' lang='grc' dir='ltr'><strong>ὦ</strong></span> <span class='ocrx_word' id='word_1_95' title='bbox 454 1884 548 1962; x_wconf 75' lang='grc' dir='ltr'>γοναι,</span> <span class='ocrx_word' id='word_1_96' title='bbox 573 1886 669 1945; x_wconf 75' lang='grc' dir='ltr'>πάντα</span> <span class='ocrx_word' id='word_1_97' title='bbox 685 1879 800 1965; x_wconf 76' lang='grc' dir='ltr'>ὅσαπερ</span> <span class='ocrx_word' id='word_1_98' title='bbox 816 1878 906 1952; x_wconf 65' lang='grc' dir='ltr'>αὐτὸς</span> <span class='ocrx_word' id='word_1_99' title='bbox 923 1879 1046 1944; x_wconf 77' lang='grc' dir='ltr'>ἐπινοέω</span> <span class='ocrx_word' id='word_1_100' title='bbox 1063 1886 1207 1967; x_wconf 75' lang='grc' dir='ltr'>ποιήσειν,</span> <span class='ocrx_word' id='word_1_101' title='bbox 1224 1880 1363 1967; x_wconf 77' lang='grc' dir='ltr'>εἴρηκας·</span> 
     </span>
     <span class='ocr_line' id='line_1_13' title="bbox 274 2005 1364 2091; baseline -0.001 -20"><span class='ocrx_word' id='word_1_102' title='bbox 274 2040 275 2043; x_wconf 39' lang='grc'><strong>“</strong></span> <span class='ocrx_word' id='word_1_103' title='bbox 304 2005 361 2086; x_wconf 85' lang='grc' dir='ltr'>ἐγὼ</span> <span class='ocrx_word' id='word_1_104' title='bbox 392 2009 449 2090; x_wconf 78' lang='grc' dir='ltr'>γὰρ</span> <span class='ocrx_word' id='word_1_105' title='bbox 492 2008 693 2091; x_wconf 77' lang='grc' dir='ltr'>βεβοὺλεομαι</span> <span class='ocrx_word' id='word_1_106' title='bbox 728 2008 796 2089; x_wconf 89' lang='lat' dir='ltr'>(ubi</span> <span class='ocrx_word' id='word_1_107' title='bbox 827 2005 885 2085; x_wconf 79' lang='grc' dir='ltr'>ἐγώ</span> <span class='ocrx_word' id='word_1_108' title='bbox 923 2029 1194 2090; x_wconf 85' lang='lat' dir='ltr'>supervacaneum</span> <span class='ocrx_word' id='word_1_109' title='bbox 1229 2009 1364 2087; x_wconf 69' lang='lat' dir='ltr'>videtur,</span> 
     </span>
     <span class='ocr_line' id='line_1_14' title="bbox 304 2129 1366 2218; baseline -0.003 -21"><span class='ocrx_word' id='word_1_110' title='bbox 304 2156 402 2218; x_wconf 91' lang='lat' dir='ltr'>quum</span> <span class='ocrx_word' id='word_1_111' title='bbox 426 2129 515 2203; x_wconf 73' lang='grc' dir='ltr'>αὐτὸς</span> <span class='ocrx_word' id='word_1_112' title='bbox 539 2134 761 2210; x_wconf 80' lang='lat' dir='ltr'>antecesserit3</span> <span class='ocrx_word' id='word_1_113' title='bbox 786 2134 842 2196; x_wconf 89' lang='lat' dir='ltr'>sed</span> <span class='ocrx_word' id='word_1_114' title='bbox 865 2133 1012 2216; x_wconf 88' lang='lat' dir='ltr'>periodus</span> <span class='ocrx_word' id='word_1_115' title='bbox 1036 2132 1082 2196; x_wconf 85' lang='lat' dir='ltr'>sic</span> <span class='ocrx_word' id='word_1_116' title='bbox 1106 2134 1269 2197; x_wconf 81' lang='lat' dir='ltr'>rotundior</span> <span class='ocrx_word' id='word_1_117' title='bbox 1284 2133 1366 2214; x_wconf 84' lang='lat' dir='ltr'>erat)</span> 
     </span>
     <span class='ocr_line' id='line_1_15' title="bbox 304 2253 1252 2340; baseline 0.002 -20"><span class='ocrx_word' id='word_1_118' title='bbox 304 2255 327 2320; x_wconf 93' lang='grc' dir='ltr'>Γ</span> <span class='ocrx_word' id='word_1_119' title='bbox 354 2259 511 2337; x_wconf 77' lang='lat'><strong>134.16;</strong></span> <span class='ocrx_word' id='word_1_120' title='bbox 538 2258 589 2323; x_wconf 88' lang='grc'>65.</span> <span class='ocrx_word' id='word_1_121' title='bbox 615 2259 633 2321; x_wconf 90' lang='grc'>6</span> <span class='ocrx_word' id='word_1_122' title='bbox 658 2259 730 2338; x_wconf 82' lang='grc' dir='ltr'>(ἐγὼ</span> <span class='ocrx_word' id='word_1_123' title='bbox 754 2258 811 2338; x_wconf 72' lang='grc' dir='ltr'>γὰρ</span> <span class='ocrx_word' id='word_1_124' title='bbox 835 2254 890 2318; x_wconf 84' lang='grc' dir='ltr'>ἐὼν</span> <span class='ocrx_word' id='word_1_125' title='bbox 915 2303 922 2318; x_wconf 88' lang='grc'><strong>.</strong></span> <span class='ocrx_word' id='word_1_126' title='bbox 949 2304 955 2317; x_wconf 92' lang='grc'><em>.</em></span> <span class='ocrx_word' id='word_1_127' title='bbox 982 2257 1020 2338; x_wconf 83' lang='grc'>.);</span> <span class='ocrx_word' id='word_1_128' title='bbox 1045 2253 1073 2316; x_wconf 93' lang='lat' dir='ltr'>H</span> <span class='ocrx_word' id='word_1_129' title='bbox 1098 2259 1117 2320; x_wconf 87' lang='lat'>8</span> <span class='ocrx_word' id='word_1_130' title='bbox 1142 2257 1175 2340; x_wconf 90' lang='grc' dir='ltr'>α)</span> <span class='ocrx_word' id='word_1_131' title='bbox 1200 2258 1252 2322; x_wconf 84' lang='grc'>16.</span> 
     </span>
    </p>

    <p class='ocr_par' dir='ltr' id='par_1_8' title="bbox 303 2383 1367 3094">
     <span class='ocr_line' id='line_1_16' title="bbox 409 2383 1366 2466; baseline 0 -19"><span class='ocrx_word' id='word_1_132' title='bbox 409 2383 443 2466; x_wconf 86' lang='lat' dir='ltr'>b)</span> <span class='ocrx_word' id='word_1_133' title='bbox 478 2383 580 2448; x_wconf 89' lang='lat' dir='ltr'>Multo</span> <span class='ocrx_word' id='word_1_134' title='bbox 611 2406 707 2466; x_wconf 90' lang='lat' dir='ltr'>quam</span> <span class='ocrx_word' id='word_1_135' title='bbox 736 2384 768 2446; x_wconf 90' lang='lat' dir='ltr'>in</span> <span class='ocrx_word' id='word_1_136' title='bbox 797 2383 963 2446; x_wconf 82' lang='lat' dir='ltr'>sententiis</span> <span class='ocrx_word' id='word_1_137' title='bbox 986 2383 1145 2465; x_wconf 86' lang='lat' dir='ltr'>primariis</span> <span class='ocrx_word' id='word_1_138' title='bbox 1169 2384 1366 2466; x_wconf 85' lang='lat' dir='ltr'>frequentius</span> 
     </span>
     <span class='ocr_line' id='line_1_17' title="bbox 303 2509 1365 2593; baseline -0.001 -20"><span class='ocrx_word' id='word_1_139' title='bbox 303 2510 340 2573; x_wconf 92' lang='lat' dir='ltr'>fit</span> <span class='ocrx_word' id='word_1_140' title='bbox 363 2510 396 2573; x_wconf 91' lang='lat' dir='ltr'>in</span> <span class='ocrx_word' id='word_1_141' title='bbox 420 2510 689 2574; x_wconf 82' lang='lat' dir='ltr'>enuntiationibus</span> <span class='ocrx_word' id='word_1_142' title='bbox 712 2510 855 2574; x_wconf 86' lang='lat' dir='ltr'>relativis</span> <span class='ocrx_word' id='word_1_143' title='bbox 879 2512 911 2573; x_wconf 92' lang='lat' dir='ltr'>et</span> <span class='ocrx_word' id='word_1_144' title='bbox 929 2509 1167 2591; x_wconf 67' lang='lat' dir='ltr'>temporalibus</span> <span class='ocrx_word' id='word_1_145' title='bbox 1191 2509 1225 2572; x_wconf 90' lang='lat' dir='ltr'>in</span> <span class='ocrx_word' id='word_1_146' title='bbox 1241 2510 1365 2593; x_wconf 66' lang='lat' dir='ltr'>quibus</span> 
     </span>
     <span class='ocr_line' id='line_1_18' title="bbox 303 2629 1367 2718; baseline 0 -20"><span class='ocrx_word' id='word_1_147' title='bbox 303 2636 440 2699; x_wconf 85' lang='lat' dir='ltr'>maxime</span> <span class='ocrx_word' id='word_1_148' title='bbox 475 2636 523 2713; x_wconf 79' lang='lat' dir='ltr'>iis,</span> <span class='ocrx_word' id='word_1_149' title='bbox 559 2658 630 2718; x_wconf 84' lang='lat' dir='ltr'>quae</span> <span class='ocrx_word' id='word_1_150' title='bbox 666 2636 815 2698; x_wconf 85' lang='lat' dir='ltr'>orationis</span> <span class='ocrx_word' id='word_1_151' title='bbox 850 2635 987 2717; x_wconf 87' lang='lat' dir='ltr'>obliquae</span> <span class='ocrx_word' id='word_1_152' title='bbox 1023 2635 1096 2712; x_wconf 74' lang='lat' dir='ltr'>sint,</span> <span class='ocrx_word' id='word_1_153' title='bbox 1132 2629 1221 2703; x_wconf 77' lang='grc' dir='ltr'>αὐτος</span> <span class='ocrx_word' id='word_1_154' title='bbox 1252 2635 1367 2698; x_wconf 74' lang='lat' dir='ltr'>omissa</span> 
     </span>
     <span class='ocr_line' id='line_1_19' title="bbox 303 2759 1366 2845; baseline -0.001 -22"><span class='ocrx_word' id='word_1_155' title='bbox 303 2762 529 2843; x_wconf 89' lang='lat' dir='ltr'>propemodum</span> <span class='ocrx_word' id='word_1_156' title='bbox 552 2760 784 2845; x_wconf 79' lang='lat' dir='ltr'>significatione</span> <span class='ocrx_word' id='word_1_157' title='bbox 809 2761 939 2843; x_wconf 64' lang='lat' dir='ltr'>ipsius,</span> <span class='ocrx_word' id='word_1_158' title='bbox 963 2759 1029 2823; x_wconf 79' lang='lat' dir='ltr'>vim</span> <span class='ocrx_word' id='word_1_159' title='bbox 1054 2762 1133 2844; x_wconf 70' lang='lat' dir='ltr'>’ego</span> <span class='ocrx_word' id='word_1_160' title='bbox 1157 2761 1202 2837; x_wconf 77' lang='lat' dir='ltr'>tu,</span> <span class='ocrx_word' id='word_1_161' title='bbox 1228 2759 1264 2822; x_wconf 83' lang='lat' dir='ltr'>is&#39;</span> <span class='ocrx_word' id='word_1_162' title='bbox 1281 2759 1366 2823; x_wconf 87' lang='lat' dir='ltr'>haud</span> 
     </span>
     <span class='ocr_line' id='line_1_20' title="bbox 304 2853 1366 2969; baseline -0.001 -22"><span class='ocrx_word' id='word_1_163' title='bbox 304 2907 459 2969; x_wconf 85' lang='lat' dir='ltr'>nusquam</span> <span class='ocrx_word' id='word_1_164' title='bbox 483 2886 598 2968; x_wconf 83' lang='lat' dir='ltr'>accipit</span> <span class='ocrx_word' id='word_1_165' title='bbox 613 2907 715 2968; x_wconf 90' lang='lat' dir='ltr'>neque</span> <span class='ocrx_word' id='word_1_166' title='bbox 740 2908 758 2947; x_wconf 99' lang='lat' dir='ltr'>a</span> <span class='ocrx_word' id='word_1_167' title='bbox 781 2885 965 2967; x_wconf 90' lang='lat' dir='ltr'>pronomine</span> <span class='ocrx_word' id='word_1_168' title='bbox 981 2907 1067 2947; x_wconf 88' lang='lat' dir='ltr'>mere</span> <span class='ocrx_word' id='word_1_169' title='bbox 1084 2853 1252 2968; x_wconf 80' lang='lat' dir='ltr'>personali,</span> <span class='ocrx_word' id='word_1_170' title='bbox 1277 2886 1366 2968; x_wconf 86' lang='lat' dir='ltr'>cujus</span> 
     </span>
     <span class='ocr_line' id='line_1_21' title="bbox 304 3009 1198 3094; baseline -0.001 -21"><span class='ocrx_word' id='word_1_171' title='bbox 304 3010 353 3073; x_wconf 79' lang='lat' dir='ltr'>vis</span> <span class='ocrx_word' id='word_1_172' title='bbox 375 3032 438 3074; x_wconf 93' lang='lat' dir='ltr'>non</span> <span class='ocrx_word' id='word_1_173' title='bbox 461 3010 506 3073; x_wconf 88' lang='lat' dir='ltr'>ita</span> <span class='ocrx_word' id='word_1_174' title='bbox 529 3032 646 3094; x_wconf 82' lang='lat' dir='ltr'>magno</span> <span class='ocrx_word' id='word_1_175' title='bbox 669 3032 763 3093; x_wconf 90' lang='lat' dir='ltr'>opere</span> <span class='ocrx_word' id='word_1_176' title='bbox 787 3011 955 3093; x_wconf 78' lang='lat' dir='ltr'>premitur,</span> <span class='ocrx_word' id='word_1_177' title='bbox 980 3009 1074 3094; x_wconf 87' lang='lat' dir='ltr'>longe</span> <span class='ocrx_word' id='word_1_178' title='bbox 1099 3010 1198 3074; x_wconf 90' lang='lat' dir='ltr'>abest.</span> 
     </span>
    </p>

    <p class='ocr_par' dir='ltr' id='par_1_9' title="bbox 411 3130 1087 3212">
     <span class='ocr_line' id='line_1_22' title="bbox 411 3130 1087 3212; baseline 0.004 -18"><span class='ocrx_word' id='word_1_179' title='bbox 411 3130 503 3212; x_wconf 79' lang='grc' dir='ltr'>Ἐγώ</span> <span class='ocrx_word' id='word_1_180' title='bbox 527 3136 567 3198; x_wconf 92' lang='lat' dir='ltr'>in</span> <span class='ocrx_word' id='word_1_181' title='bbox 591 3134 882 3198; x_wconf 88' lang='lat' dir='ltr'>enuntiatione</span> <span class='ocrx_word' id='word_1_182' title='bbox 906 3134 1087 3198; x_wconf 87' lang='lat' dir='ltr'>relativa</span> 
     </span>
    </p>

    <p class='ocr_par' dir='ltr' id='par_1_10' title="bbox 306 3256 1366 3463">
     <span class='ocr_line' id='line_1_23' title="bbox 410 3256 1366 3341; baseline 0.001 -21"><span class='ocrx_word' id='word_1_183' title='bbox 410 3261 447 3320; x_wconf 81' lang='grc' dir='ltr'>τὰ</span> <span class='ocrx_word' id='word_1_184' title='bbox 470 3256 528 3338; x_wconf 84' lang='grc' dir='ltr'>ἐγὼ</span> <span class='ocrx_word' id='word_1_185' title='bbox 552 3257 582 3321; x_wconf 85' lang='grc' dir='ltr'>ἐν</span> <span class='ocrx_word' id='word_1_186' title='bbox 607 3257 692 3339; x_wconf 79' lang='grc' dir='ltr'>ἄλλῳ</span> <span class='ocrx_word' id='word_1_187' title='bbox 723 3258 803 3340; x_wconf 84' lang='grc' dir='ltr'>λόγῳ</span> <span class='ocrx_word' id='word_1_188' title='bbox 832 3256 907 3341; x_wconf 78' lang='grc' dir='ltr'>ἐρέω</span> <span class='ocrx_word' id='word_1_189' title='bbox 931 3256 957 3319; x_wconf 84' lang='grc' dir='ltr'>Β</span> <span class='ocrx_word' id='word_1_190' title='bbox 981 3260 1033 3324; x_wconf 83' lang='lat'>38.</span> <span class='ocrx_word' id='word_1_191' title='bbox 1052 3260 1087 3337; x_wconf 78' lang='lat'>73</span> <span class='ocrx_word' id='word_1_192' title='bbox 1121 3260 1226 3336; x_wconf 85' lang='grc'><strong>51,2;</strong></span> <span class='ocrx_word' id='word_1_193' title='bbox 1260 3259 1311 3322; x_wconf 83' lang='grc'>52.</span> <span class='ocrx_word' id='word_1_194' title='bbox 1330 3260 1366 3335; x_wconf 84' lang='grc'>2;</span> 
     </span>
     <span class='ocr_line' id='line_1_24' title="bbox 306 3381 1095 3463; baseline 0.001 -16"><span class='ocrx_word' id='word_1_195' title='bbox 306 3385 357 3449; x_wconf 84' lang='lat'>65.</span> <span class='ocrx_word' id='word_1_196' title='bbox 375 3385 411 3462; x_wconf 76' lang='lat'>93</span> <span class='ocrx_word' id='word_1_197' title='bbox 437 3385 540 3462; x_wconf 85' lang='lat'><strong>77.3;</strong></span> <span class='ocrx_word' id='word_1_198' title='bbox 567 3386 716 3463; x_wconf 79' lang='lat'><strong>123.14;</strong></span> <span class='ocrx_word' id='word_1_199' title='bbox 743 3386 816 3449; x_wconf 85' lang='lat'><strong>131.</strong></span> <span class='ocrx_word' id='word_1_200' title='bbox 834 3386 871 3463; x_wconf 82' lang='lat'>93</span> <span class='ocrx_word' id='word_1_201' title='bbox 897 3381 919 3446; x_wconf 92' lang='grc' dir='ltr'>Γ</span> <span class='ocrx_word' id='word_1_202' title='bbox 945 3384 1018 3449; x_wconf 90' lang='grc'><strong>117.</strong></span> <span class='ocrx_word' id='word_1_203' title='bbox 1036 3386 1095 3460; x_wconf 83' lang='grc'>28;</span> 
     </span>
    </p>

    <p class='ocr_par' dir='ltr' id='par_1_11' title="bbox 307 3505 1366 3718">
     <span class='ocr_line' id='line_1_25' title="bbox 411 3505 1366 3594; baseline 0.002 -25"><span class='ocrx_word' id='word_1_204' title='bbox 411 3518 465 3570; x_wconf 84' lang='grc' dir='ltr'>των</span> <span class='ocrx_word' id='word_1_205' title='bbox 488 3506 577 3594; x_wconf 73' lang='grc' dir='ltr'>ἡμεῖς</span> <span class='ocrx_word' id='word_1_206' title='bbox 599 3507 693 3593; x_wconf 82' lang='grc' dir='ltr'>ἰ’δμεν,</span> <span class='ocrx_word' id='word_1_207' title='bbox 711 3506 779 3572; x_wconf 73' lang='grc' dir='ltr'>ὅσον</span> <span class='ocrx_word' id='word_1_208' title='bbox 796 3507 884 3594; x_wconf 81' lang='grc' dir='ltr'>ἡμεῖς</span> <span class='ocrx_word' id='word_1_209' title='bbox 899 3508 984 3592; x_wconf 83' lang='grc' dir='ltr'>ἴδμεν</span> <span class='ocrx_word' id='word_1_210' title='bbox 1001 3506 1024 3570; x_wconf 93' lang='grc' dir='ltr'><strong>Γ</strong></span> <span class='ocrx_word' id='word_1_211' title='bbox 1043 3511 1116 3574; x_wconf 80' lang='grc'><strong>122.</strong></span> <span class='ocrx_word' id='word_1_212' title='bbox 1134 3511 1170 3582; x_wconf 87' lang='grc'>8;</span> <span class='ocrx_word' id='word_1_213' title='bbox 1195 3505 1220 3569; x_wconf 90' lang='grc' dir='ltr'>Δ</span> <span class='ocrx_word' id='word_1_214' title='bbox 1238 3509 1288 3573; x_wconf 88' lang='grc'>17.</span> <span class='ocrx_word' id='word_1_215' title='bbox 1308 3509 1366 3586; x_wconf 85' lang='grc'>12;</span> 
     </span>
     <span class='ocr_line' id='line_1_26' title="bbox 307 3634 1365 3718; baseline -0.002 -20"><span class='ocrx_word' id='word_1_216' title='bbox 307 3635 432 3712; x_wconf 82' lang='grc'><strong>18.14;</strong></span> <span class='ocrx_word' id='word_1_217' title='bbox 465 3636 592 3713; x_wconf 85' lang='grc'><strong>20.13;</strong></span> <span class='ocrx_word' id='word_1_218' title='bbox 618 3635 738 3718; x_wconf 89' lang='lat' dir='ltr'>passim</span> <span class='ocrx_word' id='word_1_219' title='bbox 761 3635 829 3718; x_wconf 89' lang='lat' dir='ltr'>(ubi</span> <span class='ocrx_word' id='word_1_220' title='bbox 852 3639 960 3699; x_wconf 83' lang='lat' dir='ltr'>tamen</span> <span class='ocrx_word' id='word_1_221' title='bbox 984 3635 1016 3698; x_wconf 90' lang='lat' dir='ltr'>id</span> <span class='ocrx_word' id='word_1_222' title='bbox 1039 3635 1122 3717; x_wconf 93' lang='lat' dir='ltr'>quod</span> <span class='ocrx_word' id='word_1_223' title='bbox 1147 3635 1223 3696; x_wconf 83' lang='lat' dir='ltr'>&#39;nos&#39;</span> <span class='ocrx_word' id='word_1_224' title='bbox 1248 3634 1365 3697; x_wconf 86' lang='lat' dir='ltr'>seimus</span> 
     </span>
    </p>
   </div>
   <div class='ocr_carea' id='block_1_8' title="bbox 304 3846 1367 4098">
    <p class='ocr_par' dir='ltr' id='par_1_12' title="bbox 304 3846 1367 4098">
     <span class='ocr_line' id='line_1_27' title="bbox 415 3846 1367 3918; baseline -0.002 -17"><span class='ocrx_word' id='word_1_225' title='bbox 415 3847 423 3874; x_wconf 84' lang='lat'><strong>¹</strong></span> <span class='ocrx_word' id='word_1_226' title='bbox 436 3848 486 3902; x_wconf 84' lang='lat' dir='ltr'>His</span> <span class='ocrx_word' id='word_1_227' title='bbox 500 3867 562 3903; x_wconf 86' lang='lat' dir='ltr'>oum</span> <span class='ocrx_word' id='word_1_228' title='bbox 575 3848 708 3918; x_wconf 83' lang='lat' dir='ltr'>exemplis</span> <span class='ocrx_word' id='word_1_229' title='bbox 725 3846 760 3914; x_wconf 84' lang='lat' dir='ltr'>(A</span> <span class='ocrx_word' id='word_1_230' title='bbox 774 3850 834 3903; x_wconf 80' lang='lat'><strong>209.</strong></span> <span class='ocrx_word' id='word_1_231' title='bbox 851 3850 895 3912; x_wconf 76' lang='lat'>14;</span> <span class='ocrx_word' id='word_1_232' title='bbox 915 3846 936 3898; x_wconf 90' lang='grc' dir='ltr'>Γ</span> <span class='ocrx_word' id='word_1_233' title='bbox 950 3850 991 3903; x_wconf 81' lang='grc'>37.</span> <span class='ocrx_word' id='word_1_234' title='bbox 1005 3848 1032 3915; x_wconf 83' lang='grc'>8)</span> <span class='ocrx_word' id='word_1_235' title='bbox 1052 3851 1117 3917; x_wconf 87' lang='lat' dir='ltr'>apte</span> <span class='ocrx_word' id='word_1_236' title='bbox 1130 3849 1270 3902; x_wconf 85' lang='lat' dir='ltr'>confertur</span> <span class='ocrx_word' id='word_1_237' title='bbox 1282 3847 1367 3912; x_wconf 87' lang='lat' dir='ltr'>alind,</span> 
     </span>
     <span class='ocr_line' id='line_1_28' title="bbox 304 3937 1367 4007; baseline -0.003 -15"><span class='ocrx_word' id='word_1_238' title='bbox 304 3939 378 4007; x_wconf 88' lang='lat' dir='ltr'>qnod</span> <span class='ocrx_word' id='word_1_239' title='bbox 396 3956 480 4006; x_wconf 87' lang='lat' dir='ltr'>quum</span> <span class='ocrx_word' id='word_1_240' title='bbox 499 3939 595 3993; x_wconf 87' lang='lat' dir='ltr'>eadem</span> <span class='ocrx_word' id='word_1_241' title='bbox 614 3939 670 3993; x_wconf 76' lang='lat' dir='ltr'>fere</span> <span class='ocrx_word' id='word_1_242' title='bbox 689 3938 774 3993; x_wconf 84' lang='lat' dir='ltr'>verba</span> <span class='ocrx_word' id='word_1_243' title='bbox 793 3937 943 4002; x_wconf 81' lang='lat' dir='ltr'>contineat,</span> <span class='ocrx_word' id='word_1_244' title='bbox 957 3941 1051 3993; x_wconf 89' lang='lat' dir='ltr'>tamen</span> <span class='ocrx_word' id='word_1_245' title='bbox 1064 3938 1220 4005; x_wconf 83' lang='lat' dir='ltr'>subjeetum</span> <span class='ocrx_word' id='word_1_246' title='bbox 1233 3937 1367 4005; x_wconf 83' lang='lat' dir='ltr'>scriptum</span> 
     </span>
     <span class='ocr_line' id='line_1_29' title="bbox 304 4017 1247 4098; baseline -0.005 -16"><span class='ocrx_word' id='word_1_247' title='bbox 304 4028 477 4083; x_wconf 84' lang='lat' dir='ltr'>nonhabet:</span> <span class='ocrx_word' id='word_1_248' title='bbox 498 4025 526 4087; x_wconf 76' lang='grc' dir='ltr'>ὅς</span> <span class='ocrx_word' id='word_1_249' title='bbox 547 4024 573 4077; x_wconf 83' lang='grc' dir='ltr'>δέ</span> <span class='ocrx_word' id='word_1_250' title='bbox 593 4027 633 4098; x_wconf 83' lang='grc' dir='ltr'>μὴ</span> <span class='ocrx_word' id='word_1_251' title='bbox 654 4017 705 4077; x_wconf 76' lang='grc' dir='ltr'>εἶδέ</span> <span class='ocrx_word' id='word_1_252' title='bbox 724 4045 762 4077; x_wconf 79' lang='lat' dir='ltr'>ao&gt;</span> <span class='ocrx_word' id='word_1_253' title='bbox 781 4032 881 4088; x_wconf 78' lang='grc' dir='ltr'>τοῦτον,</span> <span class='ocrx_word' id='word_1_254' title='bbox 902 4018 952 4076; x_wconf 80' lang='grc' dir='ltr'>ὧδε</span> <span class='ocrx_word' id='word_1_255' title='bbox 972 4024 1087 4096; x_wconf 78' lang='grc' dir='ltr'>δηλώσω</span> <span class='ocrx_word' id='word_1_256' title='bbox 1109 4025 1129 4077; x_wconf 86' lang='grc' dir='ltr'>Δ</span> <span class='ocrx_word' id='word_1_257' title='bbox 1149 4028 1190 4082; x_wconf 87' lang='grc'>81.</span> <span class='ocrx_word' id='word_1_258' title='bbox 1207 4028 1247 4080; x_wconf 80' lang='lat'>12.</span> 
     </span>
    </p>
   </div>
   <div class='ocr_carea' id='block_1_9' title="bbox 0 0 1567 4950">
    <p class='ocr_par' dir='ltr' id='par_1_13' title="bbox 0 0 1567 4950">
     <span class='ocr_line' id='line_1_30' title="bbox 0 0 1567 4950; baseline 0 0"><span class='ocrx_word' id='word_1_259' title='bbox 0 0 1567 4950; x_wconf 95' lang='lat' dir='ltr'> </span> 
     </span>
    </p>
   </div>
  </div>
 </body>
</html>
