3117 4950
226 1736 283 1863 ln
307 1800 366 1865 hoo
389 1796 497 1865 libello
520 1800 670 1864 nonnulla
694 1801 732 1863 de
747 1800 988 1882 pronominibus
1004 1800 1222 1884 personalibus
1241 1802 1290 1864 vi-

226 1948 279 1990 oes
308 1926 444 2009 subjecti
467 1925 696 1991 sustinentibus
720 1926 859 2008 primum
881 1927 982 2008 posui3
1018 1947 1114 2008 quem
1147 1927 1289 2008 syntaxis

228 2051 334 2115 looum
357 2051 428 2129 viri,
449 2050 570 2133 quires
586 2051 812 2135 grammaticas
828 2053 978 2128 tractant,
995 2050 1062 2114 fere
1074 2051 1135 2114 nisi
1157 2054 1290 2134 praeter-

226 2178 338 2238 euntes
354 2197 417 2238 non
434 2175 607 2259 attingunt.
639 2174 811 2253 Praeterea,
828 2197 926 2257 quum
942 2176 980 2238 (16
996 2197 1055 2237 usu
1069 2176 1290 2258 pronominum

225 2301 441 2383 personalium
465 2304 497 2365 et
518 2301 740 2365 reflexivorum
761 2301 966 2382 disputarem,
987 2300 1020 2363 id
1036 2301 1173 2363 maxime
1197 2322 1290 2383 speo-

225 2426 302 2506 tavi,
331 2429 367 2489 ut
389 2447 460 2509 quae
484 2425 638 2490 Herodoti
662 2426 765 2511 magis
788 2424 932 2489 minusve
953 2425 1082 2508 propria
1098 2428 1203 2489 essent
1215 2446 1289 2489 oon-

223 2551 394 2633 quirerem.
419 2549 530 2634 Itaque
547 2553 660 2615 ceteris
677 2551 822 2615 omnibus
838 2551 964 2615 casibus
980 2551 1116 2633 obliquis
1132 2572 1285 2633 persona-

224 2677 303 2739 lium
325 2677 547 2759 pronominum
569 2677 681 2759 primae
706 2679 738 2739 et
761 2677 907 2739 secundae
931 2697 1137 2758 personarum
1153 2676 1286 2754 omissis

224 2802 263 2864 de
287 2801 433 2864 secunda
457 2804 582 2864 tantum
604 2822 746 2884 personae
771 2801 877 2864 dativo
893 2800 1017 2863 numeri
1033 2798 1214 2885 singularis,
1236 2804 1287 2863 ut·

224 2929 297 3009 pote
332 2927 387 3009 qui
414 2927 531 3009 duplex
554 2927 605 3004 sn,
629 2946 731 3009 pauca
758 2925 894 3002 inserui3
919 2925 1033 3008 quibus
1057 2929 1130 2989 sunt
1153 2946 1223 3008 quae
1248 2926 1286 2988 de

223 3053 268 3120 τοί
291 3027 449 3134 particula
473 3050 683 3134 adjunxerim.
706 3085 746 3094 -
764 3048 939 3113 Maximam
968 3054 1074 3113 autem
1098 3050 1138 3114 ab
1161 3049 1286 3113 Attico-

224 3167 295 3238 rum
318 3175 509 3257 scriptorum
532 3196 649 3260 genere
674 3174 799 3238 dicendi
824 3175 1113 3238 dissimilitudinem
1131 3150 1206 3237 usus
1222 3174 1287 3238 for-

223 3323 356 3379 marum,
392 3322 462 3383 quae
492 3323 510 3362 a
546 3300 601 3363 ola
636 3301 688 3363 vel
723 3320 778 3385 σφε
815 3303 846 3363 61
875 3294 986 3382 ibris)
1013 3299 1166 3382 stirpibus
1190 3287 1286 3381 profi-

223 3426 394 3503 ciscuntur,
430 3423 628 3489 Herodoteus
654 3427 792 3508 praebet:
817 3447 880 3488 non
903 3446 965 3507 quo
987 3424 1037 3487 hae
1062 3425 1170 3488 formae
1202 3425 1287 3506 apud

222 3550 293 3614 illos
316 3574 379 3615 non
401 3550 603 3614 inveniantur
628 3587 668 3594 -
690 3549 910 3626 Thuoididem,
934 3549 988 3631 qui
1009 3548 1126 3612 formas
1152 3567 1227 3633 aop
1247 3584 1284 3591 -

150 3654 152 3658 ¹
222 3675 338 3740 litteris
378 3676 568 3759 incipientes
605 3676 773 3739 admodum
814 3675 999 3757 frequenter
1039 3673 1186 3751 usitatur,
1230 3694 1285 3735 no-

222 3801 343 3864 minare
379 3801 494 3864 sufficit
522 3837 562 3844 —
591 3801 647 3862 sed
675 3822 749 3863 usus
780 3798 979 3862 Herodoteus
1002 3801 1069 3860 tam
1092 3797 1286 3860 multifarius

222 3930 279 4005 est,
303 3930 400 3990 utne
424 3928 464 3991 ab
480 3926 619 3989 Homero
642 3925 771 4008 quidem
794 3927 971 4006 superetur.
1018 3921 1094 3996 Quae
1118 3944 1217 4004 quum
1239 3920 1286 3984 ita

221 4053 295 4131 sint,
319 4052 370 4115 his
393 4052 427 4114 in
443 4053 552 4116 formis
566 4050 790 4136 cognoscendis
803 4049 974 4112 maximam
993 4047 1128 4129 imposui
1144 4068 1286 4129 operam.

1180 4161 1192 4204 1
