<?xml version="1.0" encoding="UTF-8"?>
<!DOCTYPE html PUBLIC "-//W3C//DTD XHTML 1.0 Transitional//EN"
    "http://www.w3.org/TR/xhtml1/DTD/xhtml1-transitional.dtd">
<html xmlns="http://www.w3.org/1999/xhtml" xml:lang="en" lang="en">
 <head>
  <title>
</title>
<meta http-equiv="Content-Type" content="text/html;charset=utf-8" />
  <meta name='ocr-system' content='tesseract 3.04.00' />
  <meta name='ocr-capabilities' content='ocr_page ocr_carea ocr_par ocr_line ocrx_word'/>
</head>
<body>
  <div class='ocr_page' id='page_1' title='image "./deusupronominum00ekedgoog_0024.png"; bbox 0 0 3117 4950; ppageno 0'>
   <div class='ocr_carea' id='block_1_1' title="bbox 725 397 899 460">
    <p class='ocr_par' dir='ltr' id='par_1_1' title="bbox 725 397 899 460">
     <span class='ocr_line' id='line_1_1' title="bbox 725 397 899 460; baseline 0.006 -18"><span class='ocrx_word' id='word_1_1' title='bbox 725 397 899 460; x_wconf 63' lang='lat'>„15-</span> 
     </span>
    </p>
   </div>
   <div class='ocr_carea' id='block_1_2' title="bbox 271 576 1366 2413">
    <p class='ocr_par' dir='ltr' id='par_1_2' title="bbox 272 576 1340 1035">
     <span class='ocr_line' id='line_1_2' title="bbox 274 576 1338 671; baseline -0.001 -30"><span class='ocrx_word' id='word_1_2' title='bbox 274 579 323 642; x_wconf 82' lang='lat' dir='ltr'>vis</span> <span class='ocrx_word' id='word_1_3' title='bbox 347 579 416 661; x_wconf 88' lang='lat' dir='ltr'>ejus</span> <span class='ocrx_word' id='word_1_4' title='bbox 439 598 535 660; x_wconf 74' lang='lat' dir='ltr'>sape,</span> <span class='ocrx_word' id='word_1_5' title='bbox 559 597 621 639; x_wconf 90' lang='lat' dir='ltr'>non</span> <span class='ocrx_word' id='word_1_6' title='bbox 637 598 772 659; x_wconf 79' lang='lat' dir='ltr'>semper,</span> <span class='ocrx_word' id='word_1_7' title='bbox 797 579 933 661; x_wconf 85' lang='lat' dir='ltr'>augetur</span> <span class='ocrx_word' id='word_1_8' title='bbox 950 579 1005 671; x_wconf 83' lang='lat' dir='ltr'>aut¹</span> <span class='ocrx_word' id='word_1_9' title='bbox 1020 576 1128 640; x_wconf 88' lang='lat' dir='ltr'>addito</span> <span class='ocrx_word' id='word_1_10' title='bbox 1143 577 1338 658; x_wconf 83' lang='lat' dir='ltr'>pronomine,</span> 
     </span>
     <span class='ocr_line' id='line_1_3' title="bbox 274 695 1340 786; baseline 0 -19"><span class='ocrx_word' id='word_1_11' title='bbox 274 703 358 786; x_wconf 87' lang='lat' dir='ltr'>quod</span> <span class='ocrx_word' id='word_1_12' title='bbox 392 704 440 766; x_wconf 89' lang='lat' dir='ltr'>est</span> <span class='ocrx_word' id='word_1_13' title='bbox 475 695 574 773; x_wconf 74' lang='grc' dir='ltr'>αὐτός,</span> <span class='ocrx_word' id='word_1_14' title='bbox 608 701 803 785; x_wconf 86' lang='lat' dir='ltr'>primigenia</span> <span class='ocrx_word' id='word_1_15' title='bbox 833 700 954 784; x_wconf 76' lang='lat' dir='ltr'>&#39;ipsius&#39;</span> <span class='ocrx_word' id='word_1_16' title='bbox 977 701 1010 764; x_wconf 82' lang='lat' dir='ltr'>ri</span> <span class='ocrx_word' id='word_1_17' title='bbox 1031 701 1220 784; x_wconf 65' lang='lat' dir='ltr'>praeditum</span> <span class='ocrx_word' id='word_1_18' title='bbox 1256 704 1340 785; x_wconf 87' lang='lat' dir='ltr'>quod</span> 
     </span>
     <span class='ocr_line' id='line_1_4' title="bbox 273 825 1339 909; baseline 0.001 -19"><span class='ocrx_word' id='word_1_19' title='bbox 273 831 343 891; x_wconf 89' lang='lat' dir='ltr'>tum</span> <span class='ocrx_word' id='word_1_20' title='bbox 373 827 474 891; x_wconf 88' lang='lat' dir='ltr'>solum</span> <span class='ocrx_word' id='word_1_21' title='bbox 504 847 628 908; x_wconf 87' lang='lat' dir='ltr'>quoque</span> <span class='ocrx_word' id='word_1_22' title='bbox 661 826 800 909; x_wconf 83' lang='lat' dir='ltr'>cujusvis</span> <span class='ocrx_word' id='word_1_23' title='bbox 832 825 1026 909; x_wconf 84' lang='lat' dir='ltr'>pronominis</span> <span class='ocrx_word' id='word_1_24' title='bbox 1048 826 1223 908; x_wconf 88' lang='lat' dir='ltr'>personalis</span> <span class='ocrx_word' id='word_1_25' title='bbox 1247 849 1339 891; x_wconf 88' lang='lat' dir='ltr'>occu-</span> 
     </span>
     <span class='ocr_line' id='line_1_5' title="bbox 272 945 1237 1035; baseline 0.001 -20"><span class='ocrx_word' id='word_1_26' title='bbox 272 975 350 1035; x_wconf 88' lang='lat' dir='ltr'>pare</span> <span class='ocrx_word' id='word_1_27' title='bbox 373 955 478 1035; x_wconf 83' lang='lat' dir='ltr'>potest</span> <span class='ocrx_word' id='word_1_28' title='bbox 500 952 621 1028; x_wconf 77' lang='lat' dir='ltr'>locum3</span> <span class='ocrx_word' id='word_1_29' title='bbox 647 952 701 1013; x_wconf 90' lang='lat' dir='ltr'>aut</span> <span class='ocrx_word' id='word_1_30' title='bbox 725 950 819 1033; x_wconf 70' lang='lat' dir='ltr'>affixa</span> <span class='ocrx_word' id='word_1_31' title='bbox 843 945 876 1028; x_wconf 88' lang='grc' dir='ltr'>γέ</span> <span class='ocrx_word' id='word_1_32' title='bbox 899 949 1057 1033; x_wconf 77' lang='lat' dir='ltr'>particula</span> <span class='ocrx_word' id='word_1_33' title='bbox 1080 951 1237 1016; x_wconf 74' lang='lat' dir='ltr'>enclitiea.</span> 
     </span>
    </p>

    <p class='ocr_par' dir='ltr' id='par_1_3' title="bbox 273 1068 1339 1515">
     <span class='ocr_line' id='line_1_6' title="bbox 381 1068 1339 1158; baseline 0 -20"><span class='ocrx_word' id='word_1_34' title='bbox 381 1072 408 1138; x_wconf 78' lang='lat' dir='ltr'>et</span> <span class='ocrx_word' id='word_1_35' title='bbox 431 1071 464 1137; x_wconf 83' lang='grc' dir='ltr'>δέ</span> <span class='ocrx_word' id='word_1_36' title='bbox 488 1078 532 1146; x_wconf 84' lang='grc' dir='ltr'>τίς</span> <span class='ocrx_word' id='word_1_37' title='bbox 555 1096 600 1136; x_wconf 82' lang='grc' dir='ltr'>τοι</span> <span class='ocrx_word' id='word_1_38' title='bbox 623 1071 690 1158; x_wconf 80' lang='grc' dir='ltr'>ὄψις</span> <span class='ocrx_word' id='word_1_39' title='bbox 713 1068 900 1153; x_wconf 76' lang='grc' dir='ltr'>ἀπαγγέλλει</span> <span class='ocrx_word' id='word_1_40' title='bbox 924 1072 1018 1135; x_wconf 83' lang='grc' dir='ltr'>παῖδα</span> <span class='ocrx_word' id='word_1_41' title='bbox 1041 1076 1089 1136; x_wconf 81' lang='grc' dir='ltr'>τὸν</span> <span class='ocrx_word' id='word_1_42' title='bbox 1114 1071 1185 1158; x_wconf 80' lang='grc' dir='ltr'>ἐμὸν</span> <span class='ocrx_word' id='word_1_43' title='bbox 1207 1077 1339 1158; x_wconf 77' lang='grc' dir='ltr'>νεώτερα</span> 
     </span>
     <span class='ocr_line' id='line_1_7' title="bbox 274 1193 1338 1284; baseline 0.002 -22"><span class='ocrx_word' id='word_1_44' title='bbox 274 1201 427 1281; x_wconf 67' lang='lat' dir='ltr'>panissas</span> <span class='ocrx_word' id='word_1_45' title='bbox 462 1202 530 1282; x_wconf 77' lang='grc' dir='ltr'>περὶ</span> <span class='ocrx_word' id='word_1_46' title='bbox 565 1195 626 1271; x_wconf 87' lang='grc' dir='ltr'>σέο,</span> <span class='ocrx_word' id='word_1_47' title='bbox 662 1196 720 1276; x_wconf 79' lang='grc' dir='ltr'>ἐγώ</span> <span class='ocrx_word' id='word_1_48' title='bbox 751 1197 807 1281; x_wconf 89' lang='lat'>(=</span> <span class='ocrx_word' id='word_1_49' title='bbox 832 1193 931 1277; x_wconf 69' lang='grc' dir='ltr'>αὐτός,</span> <span class='ocrx_word' id='word_1_50' title='bbox 956 1200 994 1263; x_wconf 88' lang='lat' dir='ltr'>de</span> <span class='ocrx_word' id='word_1_51' title='bbox 1018 1203 1109 1283; x_wconf 83' lang='lat' dir='ltr'>patre</span> <span class='ocrx_word' id='word_1_52' title='bbox 1134 1201 1338 1284; x_wconf 84' lang='lat' dir='ltr'>dictumest)</span> 
     </span>
     <span class='ocr_line' id='line_1_8' title="bbox 275 1318 1338 1408; baseline 0.001 -23"><span class='ocrx_word' id='word_1_53' title='bbox 275 1346 320 1387; x_wconf 83' lang='grc' dir='ltr'>τοι</span> <span class='ocrx_word' id='word_1_54' title='bbox 343 1324 535 1407; x_wconf 82' lang='grc' dir='ltr'>παραδίδωμι</span> <span class='ocrx_word' id='word_1_55' title='bbox 558 1325 699 1408; x_wconf 83' lang='grc' dir='ltr'>χρᾶσθαι</span> <span class='ocrx_word' id='word_1_56' title='bbox 722 1318 802 1405; x_wconf 72' lang='grc' dir='ltr'>αὐτῷ</span> <span class='ocrx_word' id='word_1_57' title='bbox 826 1331 911 1385; x_wconf 75' lang='grc' dir='ltr'>τοῦτο</span> <span class='ocrx_word' id='word_1_58' title='bbox 934 1319 978 1384; x_wconf 79' lang='grc' dir='ltr'>ὅτι</span> <span class='ocrx_word' id='word_1_59' title='bbox 995 1325 1031 1384; x_wconf 85' lang='lat' dir='ltr'>ob</span> <span class='ocrx_word' id='word_1_60' title='bbox 1049 1324 1197 1407; x_wconf 81' lang='lat' dir='ltr'>(tuipse)</span> <span class='ocrx_word' id='word_1_61' title='bbox 1214 1325 1338 1405; x_wconf 77' lang='grc' dir='ltr'>βούλεαι</span> 
     </span>
     <span class='ocr_line' id='line_1_9' title="bbox 273 1445 458 1515; baseline 0.027 -6"><span class='ocrx_word' id='word_1_62' title='bbox 273 1445 302 1509; x_wconf 87' lang='grc' dir='ltr'><strong>Α</strong></span> <span class='ocrx_word' id='word_1_63' title='bbox 328 1452 404 1515; x_wconf 84' lang='grc'><strong>210.</strong></span> <span class='ocrx_word' id='word_1_64' title='bbox 429 1451 458 1514; x_wconf 87' lang='grc'>9.</span> 
     </span>
    </p>

    <p class='ocr_par' dir='ltr' id='par_1_4' title="bbox 271 1568 1336 1888">
     <span class='ocr_line' id='line_1_10' title="bbox 379 1568 1335 1652; baseline 0 -17"><span class='ocrx_word' id='word_1_65' title='bbox 379 1570 526 1647; x_wconf 82' lang='grc' dir='ltr'>Δέσποτα,</span> <span class='ocrx_word' id='word_1_66' title='bbox 562 1576 627 1636; x_wconf 80' lang='grc' dir='ltr'>τίνα</span> <span class='ocrx_word' id='word_1_67' title='bbox 661 1569 760 1652; x_wconf 83' lang='grc' dir='ltr'>λέγεις</span> <span class='ocrx_word' id='word_1_68' title='bbox 791 1573 880 1652; x_wconf 83' lang='grc' dir='ltr'>λόγον</span> <span class='ocrx_word' id='word_1_69' title='bbox 904 1568 958 1635; x_wconf 75' lang='lat' dir='ltr'>aba</span> <span class='ocrx_word' id='word_1_70' title='bbox 982 1568 1077 1652; x_wconf 69' lang='grc' dir='ltr'>ὑγιέα,</span> <span class='ocrx_word' id='word_1_71' title='bbox 1101 1575 1235 1636; x_wconf 68' lang='lat' dir='ltr'>uetabas</span> <span class='ocrx_word' id='word_1_72' title='bbox 1261 1622 1267 1635; x_wconf 91' lang='lat'>.</span> <span class='ocrx_word' id='word_1_73' title='bbox 1294 1623 1301 1636; x_wconf 85' lang='lat'>.</span> <span class='ocrx_word' id='word_1_74' title='bbox 1329 1621 1335 1635; x_wconf 90' lang='lat'>.</span> 
     </span>
     <span class='ocr_line' id='line_1_11' title="bbox 271 1695 1336 1784; baseline 0.001 -24"><span class='ocrx_word' id='word_1_75' title='bbox 271 1696 331 1776; x_wconf 79' lang='grc' dir='ltr'>ἐγὼ</span> <span class='ocrx_word' id='word_1_76' title='bbox 366 1698 398 1761; x_wconf 84' lang='grc' dir='ltr'>δὲ</span> <span class='ocrx_word' id='word_1_77' title='bbox 433 1700 489 1782; x_wconf 83' lang='grc'>(--</span> <span class='ocrx_word' id='word_1_78' title='bbox 521 1697 614 1777; x_wconf 81' lang='grc' dir='ltr'>ἔγωγε</span> <span class='ocrx_word' id='word_1_79' title='bbox 654 1697 700 1779; x_wconf 85' lang='grc' dir='ltr'>δὲ)</span> <span class='ocrx_word' id='word_1_80' title='bbox 735 1699 883 1781; x_wconf 73' lang='grc' dir='ltr'>πείθομαι</span> <span class='ocrx_word' id='word_1_81' title='bbox 917 1696 1034 1783; x_wconf 76' lang='grc' dir='ltr'>ἐκείνην</span> <span class='ocrx_word' id='word_1_82' title='bbox 1069 1695 1145 1760; x_wconf 83' lang='grc' dir='ltr'>εἶναι</span> <span class='ocrx_word' id='word_1_83' title='bbox 1168 1698 1336 1784; x_wconf 73' lang='grc' dir='ltr'>καλλίστην</span> 
     </span>
     <span class='ocr_line' id='line_1_12' title="bbox 273 1792 922 1888; baseline 0.008 -5"><span class='ocrx_word' id='word_1_84' title='bbox 273 1820 303 1883; x_wconf 83' lang='lat' dir='ltr'><strong>A</strong></span> <span class='ocrx_word' id='word_1_85' title='bbox 330 1825 360 1888; x_wconf 85' lang='lat' dir='ltr'>s.</span> <span class='ocrx_word' id='word_1_86' title='bbox 386 1826 437 1888; x_wconf 85' lang='lat' dir='ltr'>ra.</span> <span class='ocrx_word' id='word_1_87' title='bbox 918 1792 922 1803; x_wconf 80' lang='grc'>’</span> 
     </span>
    </p>

    <p class='ocr_par' dir='ltr' id='par_1_5' title="bbox 272 1942 1366 2413">
     <span class='ocr_line' id='line_1_13' title="bbox 379 1942 1337 2032; baseline -0.001 -20"><span class='ocrx_word' id='word_1_88' title='bbox 379 1948 535 2031; x_wconf 79' lang='lat' dir='ltr'>Exempla</span> <span class='ocrx_word' id='word_1_89' title='bbox 567 1942 656 2017; x_wconf 69' lang='grc' dir='ltr'>αὐτός</span> <span class='ocrx_word' id='word_1_90' title='bbox 686 1949 880 2032; x_wconf 87' lang='lat' dir='ltr'>pronominis</span> <span class='ocrx_word' id='word_1_91' title='bbox 911 1950 956 2012; x_wconf 89' lang='lat' dir='ltr'>sio</span> <span class='ocrx_word' id='word_1_92' title='bbox 980 1949 1125 2031; x_wconf 86' lang='lat' dir='ltr'>usurpati</span> <span class='ocrx_word' id='word_1_93' title='bbox 1148 1950 1277 2031; x_wconf 79' lang='lat' dir='ltr'>passim,</span> <span class='ocrx_word' id='word_1_94' title='bbox 1301 1953 1337 2013; x_wconf 89' lang='lat' dir='ltr'>ut</span> 
     </span>
     <span class='ocr_line' id='line_1_14' title="bbox 272 2067 1336 2151; baseline 0.002 -18"><span class='ocrx_word' id='word_1_95' title='bbox 272 2067 364 2142; x_wconf 70' lang='grc' dir='ltr'>αὐτὸς</span> <span class='ocrx_word' id='word_1_96' title='bbox 387 2070 445 2151; x_wconf 81' lang='grc' dir='ltr'>ἐγώ</span> <span class='ocrx_word' id='word_1_97' title='bbox 469 2069 493 2134; x_wconf 93' lang='grc' dir='ltr'>Γ</span> <span class='ocrx_word' id='word_1_98' title='bbox 518 2074 570 2138; x_wconf 87' lang='grc'>83.</span> <span class='ocrx_word' id='word_1_99' title='bbox 596 2074 653 2150; x_wconf 84' lang='grc'>11;</span> <span class='ocrx_word' id='word_1_100' title='bbox 692 2074 765 2138; x_wconf 87' lang='grc'><strong>155.</strong></span> <span class='ocrx_word' id='word_1_101' title='bbox 791 2074 827 2151; x_wconf 85' lang='grc'>7;</span> <span class='ocrx_word' id='word_1_102' title='bbox 865 2110 905 2118; x_wconf 91' lang='grc'>-</span> <span class='ocrx_word' id='word_1_103' title='bbox 942 2071 1000 2150; x_wconf 83' lang='grc' dir='ltr'>ἐγὼ</span> <span class='ocrx_word' id='word_1_104' title='bbox 1025 2119 1032 2133; x_wconf 90' lang='grc'><strong>.</strong></span> <span class='ocrx_word' id='word_1_105' title='bbox 1058 2119 1066 2133; x_wconf 89' lang='grc'><strong>.</strong></span> <span class='ocrx_word' id='word_1_106' title='bbox 1092 2119 1099 2132; x_wconf 98' lang='grc'><strong>.</strong></span> <span class='ocrx_word' id='word_1_107' title='bbox 1125 2067 1214 2142; x_wconf 72' lang='grc' dir='ltr'>αὐτός</span> <span class='ocrx_word' id='word_1_108' title='bbox 1237 2074 1336 2136; x_wconf 87' lang='lat' dir='ltr'>inter-</span> 
     </span>
     <span class='ocr_line' id='line_1_15' title="bbox 272 2192 1366 2280; baseline 0.001 -19"><span class='ocrx_word' id='word_1_109' title='bbox 272 2198 375 2280; x_wconf 90' lang='lat' dir='ltr'>posito</span> <span class='ocrx_word' id='word_1_110' title='bbox 397 2197 551 2262; x_wconf 81' lang='lat' dir='ltr'>vocabulo</span> <span class='ocrx_word' id='word_1_111' title='bbox 574 2194 597 2258; x_wconf 92' lang='grc' dir='ltr'>Γ</span> <span class='ocrx_word' id='word_1_112' title='bbox 622 2199 674 2262; x_wconf 82' lang='grc'>62.</span> <span class='ocrx_word' id='word_1_113' title='bbox 700 2200 758 2274; x_wconf 86' lang='grc'>13;</span> <span class='ocrx_word' id='word_1_114' title='bbox 785 2199 837 2262; x_wconf 87' lang='grc'>71.</span> <span class='ocrx_word' id='word_1_115' title='bbox 861 2200 899 2276; x_wconf 88' lang='lat'>4;</span> <span class='ocrx_word' id='word_1_116' title='bbox 925 2198 999 2262; x_wconf 82' lang='lat'>142.</span> <span class='ocrx_word' id='word_1_117' title='bbox 1025 2198 1082 2275; x_wconf 77' lang='lat'>113</span> <span class='ocrx_word' id='word_1_118' title='bbox 1108 2234 1148 2242; x_wconf 91' lang='lat'><em>-</em></span> <span class='ocrx_word' id='word_1_119' title='bbox 1175 2192 1263 2267; x_wconf 70' lang='grc' dir='ltr'>αὐτός</span> <span class='ocrx_word' id='word_1_120' title='bbox 1286 2220 1336 2262; x_wconf 91' lang='lat' dir='ltr'>so·</span> <span class='ocrx_word' id='word_1_121' title='bbox 1363 2208 1366 2223; x_wconf 90' lang='lat'>&#39;</span> 
     </span>
     <span class='ocr_line' id='line_1_16' title="bbox 272 2318 1334 2413; baseline 0.001 -28"><span class='ocrx_word' id='word_1_122' title='bbox 272 2322 336 2386; x_wconf 87' lang='lat' dir='ltr'>lum</span> <span class='ocrx_word' id='word_1_123' title='bbox 361 2345 418 2407; x_wconf 84' lang='lat' dir='ltr'>pro</span> <span class='ocrx_word' id='word_1_124' title='bbox 441 2323 545 2406; x_wconf 89' lang='lat' dir='ltr'>prima</span> <span class='ocrx_word' id='word_1_125' title='bbox 568 2345 702 2406; x_wconf 87' lang='lat' dir='ltr'>persona</span> <span class='ocrx_word' id='word_1_126' title='bbox 717 2318 751 2413; x_wconf 27' lang='grc' dir='ltr'>,Β</span> <span class='ocrx_word' id='word_1_127' title='bbox 777 2323 850 2387; x_wconf 83' lang='grc'><strong>148.</strong></span> <span class='ocrx_word' id='word_1_128' title='bbox 876 2323 934 2399; x_wconf 85' lang='grc'>18;</span> <span class='ocrx_word' id='word_1_129' title='bbox 958 2345 1016 2405; x_wconf 87' lang='lat' dir='ltr'>pro</span> <span class='ocrx_word' id='word_1_130' title='bbox 1039 2322 1135 2386; x_wconf 84' lang='lat' dir='ltr'>tertia</span> <span class='ocrx_word' id='word_1_131' title='bbox 1159 2322 1334 2405; x_wconf 89' lang='lat' dir='ltr'>saepissime</span> 
     </span>
    </p>
   </div>
   <div class='ocr_carea' id='block_1_3' title="bbox 273 2443 1334 2762">
    <p class='ocr_par' dir='ltr' id='par_1_6' title="bbox 273 2443 1334 2762">
     <span class='ocr_line' id='line_1_17' title="bbox 273 2443 1334 2531; baseline 0.003 -21"><span class='ocrx_word' id='word_1_132' title='bbox 273 2450 305 2511; x_wconf 90' lang='lat' dir='ltr'>et</span> <span class='ocrx_word' id='word_1_133' title='bbox 322 2448 401 2512; x_wconf 87' lang='lat' dir='ltr'>alias</span> <span class='ocrx_word' id='word_1_134' title='bbox 417 2448 498 2512; x_wconf 91' lang='lat' dir='ltr'>etin</span> <span class='ocrx_word' id='word_1_135' title='bbox 514 2447 654 2512; x_wconf 89' lang='lat' dir='ltr'>oratione</span> <span class='ocrx_word' id='word_1_136' title='bbox 671 2447 799 2531; x_wconf 82' lang='lat' dir='ltr'>obliqua</span> <span class='ocrx_word' id='word_1_137' title='bbox 815 2447 997 2531; x_wconf 90' lang='lat' dir='ltr'>loquentem</span> <span class='ocrx_word' id='word_1_138' title='bbox 1013 2450 1161 2531; x_wconf 86' lang='lat' dir='ltr'>spectans</span> <span class='ocrx_word' id='word_1_139' title='bbox 1178 2443 1267 2512; x_wconf 70' lang='lat'>145.</span> <span class='ocrx_word' id='word_1_140' title='bbox 1283 2449 1334 2513; x_wconf 84' lang='lat'>13.</span> 
     </span>
     <span class='ocr_line' id='line_1_18' title="bbox 379 2568 1333 2656; baseline 0 -20"><span class='ocrx_word' id='word_1_141' title='bbox 379 2573 536 2656; x_wconf 80' lang='lat' dir='ltr'>Exempla</span> <span class='ocrx_word' id='word_1_142' title='bbox 560 2568 593 2650; x_wconf 90' lang='grc' dir='ltr'>γέ</span> <span class='ocrx_word' id='word_1_143' title='bbox 616 2572 781 2656; x_wconf 83' lang='lat' dir='ltr'>particulae</span> <span class='ocrx_word' id='word_1_144' title='bbox 806 2573 908 2637; x_wconf 82' lang='lat' dir='ltr'>affixae</span> <span class='ocrx_word' id='word_1_145' title='bbox 933 2569 962 2633; x_wconf 84' lang='lat' dir='ltr'><strong>A</strong></span> <span class='ocrx_word' id='word_1_146' title='bbox 988 2574 1061 2637; x_wconf 82' lang='lat'>109.</span> <span class='ocrx_word' id='word_1_147' title='bbox 1087 2574 1123 2651; x_wconf 75' lang='lat'>83</span> <span class='ocrx_word' id='word_1_148' title='bbox 1149 2569 1172 2633; x_wconf 88' lang='grc' dir='ltr'>Γ</span> <span class='ocrx_word' id='word_1_149' title='bbox 1196 2574 1248 2637; x_wconf 87' lang='lat'>35.</span> <span class='ocrx_word' id='word_1_150' title='bbox 1274 2574 1333 2651; x_wconf 70' lang='lat'>173</span> 
     </span>
     <span class='ocr_line' id='line_1_19' title="bbox 274 2698 402 2762; baseline 0.016 -2"><span class='ocrx_word' id='word_1_151' title='bbox 274 2698 347 2762; x_wconf 84' lang='lat'>115.</span> <span class='ocrx_word' id='word_1_152' title='bbox 372 2699 402 2762; x_wconf 89' lang='lat'>4.</span> 
     </span>
    </p>
   </div>
   <div class='ocr_carea' id='block_1_4' title="bbox 381 2816 1334 2904">
    <p class='ocr_par' dir='ltr' id='par_1_7' title="bbox 381 2816 1334 2904">
     <span class='ocr_line' id='line_1_20' title="bbox 381 2816 1334 2904; baseline 0.001 -22"><span class='ocrx_word' id='word_1_153' title='bbox 381 2816 470 2891; x_wconf 73' lang='grc' dir='ltr'>αὐτός</span> <span class='ocrx_word' id='word_1_154' title='bbox 495 2869 502 2882; x_wconf 94' lang='grc'><strong>.</strong></span> <span class='ocrx_word' id='word_1_155' title='bbox 528 2870 534 2882; x_wconf 91' lang='grc'><strong>.</strong></span> <span class='ocrx_word' id='word_1_156' title='bbox 561 2868 568 2883; x_wconf 93' lang='grc'><strong>.</strong></span> <span class='ocrx_word' id='word_1_157' title='bbox 594 2820 686 2899; x_wconf 83' lang='grc' dir='ltr'>ἔγωγε</span> <span class='ocrx_word' id='word_1_158' title='bbox 719 2843 726 2881; x_wconf 81' lang='lat' dir='ltr'>z</span> <span class='ocrx_word' id='word_1_159' title='bbox 751 2816 842 2890; x_wconf 67' lang='grc' dir='ltr'>αὐτὸς</span> <span class='ocrx_word' id='word_1_160' title='bbox 879 2825 933 2904; x_wconf 81' lang='grc' dir='ltr'>μὲν</span> <span class='ocrx_word' id='word_1_161' title='bbox 964 2819 1056 2900; x_wconf 79' lang='grc' dir='ltr'>ἔγωγε</span> <span class='ocrx_word' id='word_1_162' title='bbox 1088 2816 1153 2882; x_wconf 68' lang='grc' dir='ltr'>οὔτε</span> <span class='ocrx_word' id='word_1_163' title='bbox 1184 2817 1334 2883; x_wconf 77' lang='grc' dir='ltr'>πλέουσαν</span> 
     </span>
    </p>
   </div>
   <div class='ocr_carea' id='block_1_5' title="bbox 269 2941 1334 4028">
    <p class='ocr_par' dir='ltr' id='par_1_8' title="bbox 271 2941 1198 3031">
     <span class='ocr_line' id='line_1_21' title="bbox 271 2941 1198 3031; baseline 0.001 -23"><span class='ocrx_word' id='word_1_164' title='bbox 271 2942 539 3031; x_wconf 58' lang='lat' dir='ltr'>attenuabatur</span> <span class='ocrx_word' id='word_1_165' title='bbox 563 2942 651 3018; x_wconf 80' lang='grc' dir='ltr'>εἶδον,</span> <span class='ocrx_word' id='word_1_166' title='bbox 676 2941 798 3030; x_wconf 78' lang='grc' dir='ltr'>τέθηπα</span> <span class='ocrx_word' id='word_1_167' title='bbox 821 2945 854 3007; x_wconf 84' lang='grc' dir='ltr'>δὲ</span> <span class='ocrx_word' id='word_1_168' title='bbox 879 2942 1045 3007; x_wconf 75' lang='grc' dir='ltr'>ἀκοὺωνΒ</span> <span class='ocrx_word' id='word_1_169' title='bbox 1070 2947 1143 3010; x_wconf 83' lang='grc'><strong>156.</strong></span> <span class='ocrx_word' id='word_1_170' title='bbox 1167 2947 1198 3010; x_wconf 84' lang='grc'>6.</span> 
     </span>
    </p>

    <p class='ocr_par' dir='ltr' id='par_1_9' title="bbox 269 3070 1334 4028">
     <span class='ocr_line' id='line_1_22' title="bbox 320 3070 1334 3156; baseline -0.003 -20"><span class='ocrx_word' id='word_1_171' title='bbox 320 3084 323 3091; x_wconf 76' lang='grc'><em>’</em></span> <span class='ocrx_word' id='word_1_172' title='bbox 378 3073 409 3136; x_wconf 92' lang='lat' dir='ltr'>b.</span> <span class='ocrx_word' id='word_1_173' title='bbox 455 3070 514 3134; x_wconf 89' lang='lat' dir='ltr'>Vis</span> <span class='ocrx_word' id='word_1_174' title='bbox 538 3075 571 3134; x_wconf 90' lang='lat' dir='ltr'>et</span> <span class='ocrx_word' id='word_1_175' title='bbox 593 3071 735 3156; x_wconf 85' lang='lat' dir='ltr'>gravitas</span> <span class='ocrx_word' id='word_1_176' title='bbox 759 3072 903 3154; x_wconf 87' lang='lat' dir='ltr'>subjecto</span> <span class='ocrx_word' id='word_1_177' title='bbox 925 3073 994 3133; x_wconf 91' lang='lat' dir='ltr'>tum</span> <span class='ocrx_word' id='word_1_178' title='bbox 1013 3071 1105 3147; x_wconf 79' lang='lat' dir='ltr'>inest,</span> <span class='ocrx_word' id='word_1_179' title='bbox 1130 3093 1227 3153; x_wconf 90' lang='lat' dir='ltr'>quum</span> <span class='ocrx_word' id='word_1_180' title='bbox 1243 3071 1334 3153; x_wconf 88' lang='lat' dir='ltr'>quasi</span> 
     </span>
     <span class='ocr_line' id='line_1_23' title="bbox 269 3195 1333 3278; baseline 0 -19"><span class='ocrx_word' id='word_1_181' title='bbox 269 3196 451 3260; x_wconf 88' lang='lat' dir='ltr'>testimonio</span> <span class='ocrx_word' id='word_1_182' title='bbox 486 3217 604 3274; x_wconf 82' lang='lat' dir='ltr'>eorum,</span> <span class='ocrx_word' id='word_1_183' title='bbox 639 3217 710 3278; x_wconf 81' lang='lat' dir='ltr'>quae</span> <span class='ocrx_word' id='word_1_184' title='bbox 740 3196 774 3258; x_wconf 92' lang='lat' dir='ltr'>in</span> <span class='ocrx_word' id='word_1_185' title='bbox 798 3196 893 3258; x_wconf 85' lang='lat' dir='ltr'>certis</span> <span class='ocrx_word' id='word_1_186' title='bbox 915 3196 1059 3278; x_wconf 87' lang='lat' dir='ltr'>personis</span> <span class='ocrx_word' id='word_1_187' title='bbox 1083 3199 1116 3258; x_wconf 90' lang='lat' dir='ltr'>et</span> <span class='ocrx_word' id='word_1_188' title='bbox 1137 3195 1333 3278; x_wconf 74' lang='lat' dir='ltr'>temporibus</span> 
     </span>
     <span class='ocr_line' id='line_1_24' title="bbox 271 3319 1333 3403; baseline -0.001 -19"><span class='ocrx_word' id='word_1_189' title='bbox 271 3321 374 3403; x_wconf 88' lang='lat' dir='ltr'>posita</span> <span class='ocrx_word' id='word_1_190' title='bbox 404 3324 486 3398; x_wconf 77' lang='lat' dir='ltr'>sunt,</span> <span class='ocrx_word' id='word_1_191' title='bbox 521 3320 654 3403; x_wconf 85' lang='lat' dir='ltr'>quaestio</span> <span class='ocrx_word' id='word_1_192' title='bbox 683 3320 839 3383; x_wconf 81' lang='lat' dir='ltr'>universae</span> <span class='ocrx_word' id='word_1_193' title='bbox 863 3319 910 3383; x_wconf 91' lang='lat' dir='ltr'>rei</span> <span class='ocrx_word' id='word_1_194' title='bbox 934 3320 1154 3397; x_wconf 60' lang='lat' dir='ltr'>confirmatum</span> <span class='ocrx_word' id='word_1_195' title='bbox 1190 3319 1242 3384; x_wconf 84' lang='lat' dir='ltr'>vel</span> <span class='ocrx_word' id='word_1_196' title='bbox 1265 3325 1333 3383; x_wconf 89' lang='lat' dir='ltr'>tum</span> 
     </span>
     <span class='ocr_line' id='line_1_25' title="bbox 271 3444 1333 3529; baseline -0.001 -21"><span class='ocrx_word' id='word_1_197' title='bbox 271 3468 369 3528; x_wconf 89' lang='lat' dir='ltr'>quum</span> <span class='ocrx_word' id='word_1_198' title='bbox 398 3467 469 3529; x_wconf 89' lang='lat' dir='ltr'>quae</span> <span class='ocrx_word' id='word_1_199' title='bbox 501 3445 586 3509; x_wconf 85' lang='lat' dir='ltr'>dicta</span> <span class='ocrx_word' id='word_1_200' title='bbox 615 3448 697 3522; x_wconf 77' lang='lat' dir='ltr'>sunt,</span> <span class='ocrx_word' id='word_1_201' title='bbox 733 3467 770 3507; x_wconf 89' lang='lat' dir='ltr'>ea</span> <span class='ocrx_word' id='word_1_202' title='bbox 800 3445 845 3508; x_wconf 91' lang='lat' dir='ltr'>ita</span> <span class='ocrx_word' id='word_1_203' title='bbox 868 3445 902 3507; x_wconf 92' lang='lat' dir='ltr'>in</span> <span class='ocrx_word' id='word_1_204' title='bbox 925 3444 1031 3529; x_wconf 86' lang='lat' dir='ltr'>aliquo</span> <span class='ocrx_word' id='word_1_205' title='bbox 1054 3445 1160 3509; x_wconf 84' lang='lat' dir='ltr'>valere</span> <span class='ocrx_word' id='word_1_206' title='bbox 1185 3446 1333 3509; x_wconf 86' lang='lat' dir='ltr'>dicuntur</span> 
     </span>
     <span class='ocr_line' id='line_1_26' title="bbox 271 3570 1333 3654; baseline 0 -22"><span class='ocrx_word' id='word_1_207' title='bbox 271 3573 307 3632; x_wconf 90' lang='lat' dir='ltr'>ut</span> <span class='ocrx_word' id='word_1_208' title='bbox 340 3571 437 3634; x_wconf 88' lang='lat' dir='ltr'>totius</span> <span class='ocrx_word' id='word_1_209' title='bbox 471 3571 519 3634; x_wconf 88' lang='lat' dir='ltr'>rei</span> <span class='ocrx_word' id='word_1_210' title='bbox 552 3591 663 3633; x_wconf 82' lang='lat' dir='ltr'>caussa</span> <span class='ocrx_word' id='word_1_211' title='bbox 694 3573 726 3633; x_wconf 88' lang='lat' dir='ltr'>et</span> <span class='ocrx_word' id='word_1_212' title='bbox 755 3571 837 3633; x_wconf 88' lang='lat' dir='ltr'>ratio</span> <span class='ocrx_word' id='word_1_213' title='bbox 864 3570 898 3633; x_wconf 91' lang='lat' dir='ltr'>in</span> <span class='ocrx_word' id='word_1_214' title='bbox 921 3570 991 3652; x_wconf 91' lang='lat' dir='ltr'>ipso</span> <span class='ocrx_word' id='word_1_215' title='bbox 1013 3570 1157 3654; x_wconf 89' lang='lat' dir='ltr'>subjecto</span> <span class='ocrx_word' id='word_1_216' title='bbox 1181 3570 1333 3633; x_wconf 86' lang='lat' dir='ltr'>collocata</span> 
     </span>
     <span class='ocr_line' id='line_1_27' title="bbox 271 3694 1332 3779; baseline -0.001 -21"><span class='ocrx_word' id='word_1_217' title='bbox 271 3696 322 3774; x_wconf 83' lang='lat' dir='ltr'>sit,</span> <span class='ocrx_word' id='word_1_218' title='bbox 346 3695 401 3759; x_wconf 90' lang='lat' dir='ltr'>ubi</span> <span class='ocrx_word' id='word_1_219' title='bbox 424 3696 458 3758; x_wconf 93' lang='lat' dir='ltr'>in</span> <span class='ocrx_word' id='word_1_220' title='bbox 480 3698 587 3758; x_wconf 83' lang='lat' dir='ltr'>nostra</span> <span class='ocrx_word' id='word_1_221' title='bbox 610 3717 665 3758; x_wconf 91' lang='lat' dir='ltr'>nos</span> <span class='ocrx_word' id='word_1_222' title='bbox 689 3694 800 3779; x_wconf 79' lang='lat' dir='ltr'>lingua</span> <span class='ocrx_word' id='word_1_223' title='bbox 823 3695 952 3777; x_wconf 87' lang='lat' dir='ltr'>plenam</span> <span class='ocrx_word' id='word_1_224' title='bbox 975 3694 1226 3758; x_wconf 71' lang='lat' dir='ltr'>enuntiationem</span> <span class='ocrx_word' id='word_1_225' title='bbox 1248 3715 1332 3776; x_wconf 84' lang='lat' dir='ltr'>saepe</span> 
     </span>
     <span class='ocr_line' id='line_1_28' title="bbox 271 3818 1332 3904; baseline -0.003 -22"><span class='ocrx_word' id='word_1_226' title='bbox 271 3819 466 3884; x_wconf 77' lang='lat' dir='ltr'>fabricemur</span> <span class='ocrx_word' id='word_1_227' title='bbox 490 3819 544 3900; x_wconf 90' lang='lat'>(=</span> <span class='ocrx_word' id='word_1_228' title='bbox 563 3820 617 3882; x_wconf 83' lang='lat' dir='ltr'>det</span> <span class='ocrx_word' id='word_1_229' title='bbox 633 3826 668 3882; x_wconf 71' lang='lat' dir='ltr'>ar</span> <span class='ocrx_word' id='word_1_230' title='bbox 681 3821 749 3904; x_wconf 84' lang='lat' dir='ltr'>jag,</span> <span class='ocrx_word' id='word_1_231' title='bbox 773 3842 861 3883; x_wconf 87' lang='lat' dir='ltr'>som.</span> <span class='ocrx_word' id='word_1_232' title='bbox 878 3871 883 3884; x_wconf 93' lang='lat'>.</span> <span class='ocrx_word' id='word_1_233' title='bbox 900 3870 917 3896; x_wconf 77' lang='grc'>.,</span> <span class='ocrx_word' id='word_1_234' title='bbox 942 3820 1025 3903; x_wconf 89' lang='lat' dir='ltr'>quod</span> <span class='ocrx_word' id='word_1_235' title='bbox 1041 3839 1142 3903; x_wconf 82' lang='lat' dir='ltr'>genus</span> <span class='ocrx_word' id='word_1_236' title='bbox 1158 3818 1332 3880; x_wconf 87' lang='lat' dir='ltr'>sententia-</span> 
     </span>
     <span class='ocr_line' id='line_1_29' title="bbox 271 3937 1331 4028; baseline -0.003 -20"><span class='ocrx_word' id='word_1_237' title='bbox 271 3968 341 4008; x_wconf 89' lang='lat' dir='ltr'>rum</span> <span class='ocrx_word' id='word_1_238' title='bbox 357 3946 455 4008; x_wconf 86' lang='lat' dir='ltr'>etiarn</span> <span class='ocrx_word' id='word_1_239' title='bbox 471 3937 555 4028; x_wconf 81' lang='lat' dir='ltr'>apud</span> <span class='ocrx_word' id='word_1_240' title='bbox 572 3944 697 4008; x_wconf 81' lang='lat' dir='ltr'>Graecos</span> <span class='ocrx_word' id='word_1_241' title='bbox 714 3945 886 4027; x_wconf 82' lang='lat' dir='ltr'>scriptores</span> <span class='ocrx_word' id='word_1_242' title='bbox 903 3943 1087 4024; x_wconf 84' lang='lat' dir='ltr'>invenitur).</span> <span class='ocrx_word' id='word_1_243' title='bbox 1112 3941 1164 4006; x_wconf 83' lang='lat' dir='ltr'>Sic</span> <span class='ocrx_word' id='word_1_244' title='bbox 1180 3965 1230 4006; x_wconf 93' lang='lat' dir='ltr'>res</span> <span class='ocrx_word' id='word_1_245' title='bbox 1247 3964 1331 4025; x_wconf 88' lang='lat' dir='ltr'>saepe</span> 
     </span>
    </p>
   </div>
   <div class='ocr_carea' id='block_1_6' title="bbox 269 4068 1331 4156">
    <p class='ocr_par' dir='ltr' id='par_1_10' title="bbox 269 4068 1331 4156">
     <span class='ocr_line' id='line_1_30' title="bbox 269 4068 1331 4156; baseline -0.003 -23"><span class='ocrx_word' id='word_1_246' title='bbox 269 4092 305 4134; x_wconf 88' lang='lat' dir='ltr'>se</span> <span class='ocrx_word' id='word_1_247' title='bbox 336 4069 435 4135; x_wconf 87' lang='lat' dir='ltr'>habet</span> <span class='ocrx_word' id='word_1_248' title='bbox 458 4071 490 4133; x_wconf 90' lang='lat' dir='ltr'>in</span> <span class='ocrx_word' id='word_1_249' title='bbox 514 4070 818 4156; x_wconf 83' lang='lat' dir='ltr'>interrogationibus</span> <span class='ocrx_word' id='word_1_250' title='bbox 842 4069 1028 4132; x_wconf 86' lang='lat' dir='ltr'>admirantis</span> <span class='ocrx_word' id='word_1_251' title='bbox 1051 4068 1103 4131; x_wconf 89' lang='lat' dir='ltr'>vel</span> <span class='ocrx_word' id='word_1_252' title='bbox 1125 4068 1331 4153; x_wconf 66' lang='lat' dir='ltr'>indignantis</span> 
     </span>
    </p>
   </div>
   <div class='ocr_carea' id='block_1_7' title="bbox 0 0 1564 4950">
    <p class='ocr_par' dir='ltr' id='par_1_11' title="bbox 0 0 1564 4950">
     <span class='ocr_line' id='line_1_31' title="bbox 0 0 1564 4950; baseline 0 2"><span class='ocrx_word' id='word_1_253' title='bbox 0 0 1564 4950; x_wconf 95' lang='lat' dir='ltr'> </span> 
     </span>
    </p>
   </div>
   <div class='ocr_carea' id='block_1_8' title="bbox 1557 19 1561 722">
    <p class='ocr_par' dir='ltr' id='par_1_12' title="bbox 1557 19 1561 722">
     <span class='ocr_line' id='line_1_32' title="bbox 1557 19 1561 722; baseline 0 0"><span class='ocrx_word' id='word_1_254' title='bbox 1557 19 1561 722; x_wconf 95' lang='lat' dir='ltr'> </span> 
     </span>
    </p>
   </div>
  </div>
 </body>
</html>
