3117 4950
644 368 816 457 ..5'1-

300 573 339 639 Iu
369 574 559 659 quibusdam
591 572 745 656 exemplis
769 570 950 637 Herodotus
974 571 1108 636 articulo
1131 573 1258 636 substa-

194 702 255 766 tivi
277 701 392 766 omisso
414 722 483 764 rem
505 699 609 784 magis
632 698 797 762 indefinite
822 698 1000 763 describere
1023 698 1105 762 velle
1121 698 1257 778 videtur,

194 830 230 890 ui
258 825 288 889 Α
314 826 389 890 110.
413 825 444 905 4,
476 824 532 889 ubi
554 823 866 909 Schweighaeuserus
890 845 963 888 oum
985 824 1076 888 libris
1100 822 1158 889 MS
1180 847 1258 890 non-

184 952 289 1023 xnullis
324 959 359 1034 τῇ
394 945 504 1012 ἑωυτοῦ
540 948 688 1032 συνδοῦλῃ
722 949 814 1035 legit.
871 947 985 1033 Neque
1021 950 1114 1015 aliter
1148 971 1198 1014 res
1223 973 1257 1014 se

168 1081 263 1142 ‘tum
299 1076 408 1156 habet,
452 1098 551 1160 quum
592 1098 766 1159 pronomen
810 1074 1021 1158 possessivum
1059 1076 1258 1140 substantivo

194 1204 263 1267 sine
291 1202 425 1267 articulo
449 1201 635 1285 adjungitur
655 1201 676 1266 ¹.
723 1199 827 1276 Quare
858 1200 943 1264 huno
973 1201 1077 1265 locum
1100 1202 1259 1285 iuterpre-

194 1330 327 1393 tandum
356 1350 425 1392 esse
450 1349 576 1393 censeo:
613 1327 825 1391 'matrimonio
852 1329 982 1411 junctus
1010 1330 1079 1392 erat
1102 1349 1174 1393 oum
1197 1351 1261 1392 uno

195 1477 235 1519 ex
269 1455 334 1518 suis
369 1454 530 1518 servitutis
561 1453 653 1517 sociis
677 1453 816 1533 feminis,
847 1474 919 1516 cum
945 1453 1083 1536 quodam
1106 1475 1163 1517 sua
1186 1474 1260 1518 oon·

195 1582 308 1645 serva’.
356 1578 439 1644 Item
462 1576 485 1641 Γ
510 1581 562 1644 53.
588 1580 624 1657 9;
653 1575 678 1639 Ε
703 1580 755 1644 25.
781 1580 798 1642 1
825 1579 994 1643 admodum
1017 1583 1160 1662 apparet,
1185 1579 1261 1663 quid

196 1709 233 1770 ui
267 1706 513 1791 consequeretur
546 1704 682 1788 scriptor
716 1704 887 1768 articulum
916 1703 1059 1769 omiserit
1085 1702 1141 1786 (=
1164 1727 1262 1769 unam

104 1907 108 1914 Ι
198 1852 237 1895 ex
260 1831 325 1895 suis
348 1830 434 1910 filiis,
458 1852 557 1894 unum
580 1852 619 1894 ex
643 1829 797 1895 fratribus
820 1829 908 1912 suis).

300 1955 365 2019 Res
389 1959 496 2019 autem
519 1955 613 2019 aliter
635 1977 668 2019 se
692 1955 800 2035 habet,
824 1955 852 2019 si
874 1954 1261 2038 pronomenrefiexivum,

197 2081 259 2145 etsi
288 2081 522 2147 subsdontivum
549 2082 683 2146 artiordo
705 2085 754 2149 esd
776 2083 978 2160 instructum,
1002 2083 1110 2145 tomen
1133 2080 1200 2145 sine
1225 2103 1262 2145 eo

199 2209 358 2291 exoratur.
406 2206 503 2292 Cujus
526 2207 596 2273 haeo
619 2208 667 2273 rei
690 2208 837 2291 exempla
859 2207 982 2272 inveni:

306 2332 336 2415 β)
361 2328 539 2418 ἐποιήσαντο
562 2328 692 2417 ἰσχυρὰς
715 2334 853 2414 καταρὰς
869 2342 909 2416 τῷ
925 2328 1151 2415 ὑπολειπομένῳ
1167 2327 1261 2393 ἑωυ-

198 2465 267 2520 τῶν
291 2465 354 2520 τοῦ
379 2458 521 2521 οτόλου
546 2455 576 2520 Α
600 2458 674 2525 165.
700 2439 779 2538 12²3

305 2580 408 2663 ἐλεγον
432 2579 460 2646 οἱ
484 2579 562 2666 ἱρέες
586 2630 593 2645 .
620 2631 627 2645 .
653 2631 660 2645 .
685 2586 746 2647 τὸν
771 2580 966 2670 ἀδελφεὸν
997 2579 1140 2646 ἑωυτοῦ
1164 2581 1261 2667 (subj.

198 2708 270 2790 inf.)
302 2760 309 2773 .
335 2760 342 2775 .
368 2677 454 2775 ‘w
488 2703 582 2780 ξείνια
617 2704 705 2773 αὐτὸν
739 2704 915 2773 καλέσαντα
946 2756 952 2770 .
979 2755 986 2770 .
1012 2755 1019 2770 .
1044 2717 1202 2793 περινῆσαι
1237 2703 1262 2768 Β

199 2834 275 2899 107.
299 2834 360 2914 3³3

306 2955 363 3022 dud
386 2968 437 3022 τοῦ
462 2955 651 3045 οἰκηιοτάτου
675 2956 790 3046 ἑωυτῆς
812 2956 838 3021 Ε
863 2961 893 3026 5.
918 2962 953 3038 83

308 3201 317 3229 ¹
335 3203 444 3272 Kruger
461 3203 475 3257 Ι
493 3202 509 3269 ἐ
527 3203 570 3257 51.
589 3203 609 3257 Ι.
628 3202 654 3256 4.
673 3202 754 3257 Anm.
773 3202 803 3267 8;
823 3201 864 3256 ofr
882 3197 908 3250 A
921 3200 1009 3254 209.4
1025 3195 1180 3260 Ὕστασπες,
1200 3202 1262 3257 παῖς

200 3293 245 3353 οὺς
264 3289 441 3359 ἐπιβουλεύων
461 3329 467 3341 .
488 3328 495 3342 .
515 3330 521 3341 .
541 3290 642 3342 ἑάλωκε
663 3313 695 3335 =
715 3310 786 3345 unus
806 3308 839 3345 ex
857 3289 923 3343 filiis
942 3288 1006 3344 tuis.

309 3379 362 3436 ‘A
385 3382 427 3436 80.
451 3382 467 3436 9
486 3380 608 3436 Steinius
627 3387 663 3450 τῷ
684 3386 786 3451 στρατῷ
806 3378 918 3443 eruorem
945 3377 1094 3433 Abiohtius
1113 3377 1263 3432 articulum

200 3472 288 3527 addis.

310 3560 320 3588 ⁸
339 3559 361 3611 B
381 3563 423 3616 26.
445 3563 458 3615 l
478 3559 594 3630 legitur:
614 3556 697 3621 αἴτιος
716 3556 743 3609 δὲ
764 3557 777 3609 ὁ
798 3555 877 3618 αὐτὸς
965 3555 1010 3607 καὶ
1028 3557 1072 3608 τὸν
1092 3554 1163 3626 ἠέρα
1183 3554 1264 3627 ξηρὸν

200 3653 244 3702 τὸν
271 3649 353 3720 ταύτῃ
382 3641 458 3712 εἶναι,
482 3646 608 3700 διακαίων
631 3649 681 3721 τὴν
702 3645 817 3709 διέξοδον
836 3647 942 3711 ἑωυτοῦ,
969 3646 1018 3700 ubi
1036 3644 1066 3699 in
1085 3645 1165 3699 libris
1184 3640 1264 3713 αῦτῷ,

201 3760 219 3796 ιι
250 3742 391 3811 Stephano
425 3737 505 3791 αὐτοῦ
533 3739 668 3809 scriptum
697 3742 747 3794 esd.
794 3738 824 3793 si
851 3736 963 3806 quidem
991 3733 1005 3785 ὁ
1032 3731 1110 3794 αὐτὸς
1129 3726 1204 3793 οὗτος
1223 3737 1265 3789 est

202 3831 252 3891 sol.
280 3831 313 3885 de
341 3848 395 3898 quo
414 3834 499 3886 antea
521 3830 630 3884 locutus
654 3831 696 3883 est
720 3828 846 3897 scriptor,
866 3830 895 3883 et
914 3823 985 3894 αὐτῷ
1005 3825 1050 3880 vel
1069 3820 1148 3874 αὐτοῦ
1166 3841 1265 3893 prono-

201 3921 276 3975 mine
295 3920 377 3974 Nilus
395 3921 498 3975 flumen
516 3917 668 3989 significari
686 3920 780 3988 podest
799 3916 843 3984 (=
865 3916 947 3971 'viam
967 3916 1033 3983 ejus,
1049 3912 1117 3977 Nili,
1132 3915 1264 3977 exurens,

201 4029 258 4066 non
277 4009 407 4080 'spadium
427 4028 507 4064 suum
525 4007 661 4077 exurens')
680 4007 751 4063 mihi
769 4007 872 4065 rectius
891 4006 1009 4062 videtur.
1028 4004 1102 4074 quod
1121 4006 1163 4059 est
1181 4001 1265 4073 serip-

202 4105 271 4170 tum,
292 4117 410 4160 servare.
