3117 4950
652 385 825 447 -25-
920 348 926 359 ’

314 556 345 620 Α
371 563 444 626 109,
465 562 494 626 5.
519 561 702 649 Harpagus
727 586 826 647 quum
848 587 982 648 puerum
1005 565 1182 629 Mandanes
1198 588 1274 649 sup-

208 686 304 770 plicio
333 687 458 751 afficere
490 711 508 751 a
538 711 614 773 rege
635 691 741 773 jussus
773 691 900 753 domum
923 691 1080 770 rediisset,
1112 693 1152 755 ab
1176 714 1273 755 uxore

207 812 423 898 interrogatus
454 817 517 878 est:
551 811 609 875 ’νῦν
640 809 679 875 ὦν
710 817 737 875 τί
761 835 808 876 σοι
832 812 862 877 ὲν
886 820 943 896 νόῳ
967 814 1030 876 ἔστι
1060 820 1185 889 nortem
1218 840 1274 881 rex

205 939 311 1023 jussit,
328 939 441 1022 inquit,
465 939 519 1002 ille
535 940 673 1022 quidem,
690 941 746 1004 sed
761 943 806 1019 tu,
824 942 976 1024 quidnam
991 944 1027 1005 tu
1047 943 1189 1006 facturus
1207 945 1273 1007 es?'

210 1101 250 1108 -
274 1062 411 1128 Videtur
434 1065 533 1150 igitur
550 1067 606 1144 σοί,
632 1065 776 1148 emphasi
792 1068 932 1150 quadam
949 1050 1078 1145 dictum,
1096 1069 1273 1131 ornandum

210 1212 277 1254 esse
302 1193 445 1270 accentu,
470 1193 559 1255 tanto
582 1191 686 1273 potius
710 1194 794 1274 quod
811 1214 919 1256 omnes
937 1194 1060 1256 codices
1077 1195 1123 1254 σοί
1140 1196 1272 1257 accentu

208 1315 400 1380 instructum
422 1315 551 1395 habent,
587 1317 649 1380 nisi
672 1318 758 1400 quod
783 1318 881 1381 codex
904 1340 984 1381 unus
1008 1318 1034 1382 L
1059 1319 1203 1403 signatus
1227 1339 1274 1379 σοι

209 1441 275 1504 sine
301 1445 434 1504 accentu
456 1440 596 1505 exhibet.

316 1562 338 1626 Γ
363 1567 415 1630 36.
442 1566 493 1631 11.
524 1566 559 1628 σὺ
583 1569 635 1627 καὶ
660 1564 726 1649 ἐμοὶ
750 1567 866 1650 τολμᾷς
890 1568 1115 1650 σομβοολεὺειν,
1141 1567 1174 1637 ὃς
1198 1615 1205 1629 .
1232 1616 1238 1628 .
1265 1615 1272 1629 .

209 1687 268 1753 ἀπὸ
293 1695 346 1774 μὲν
371 1694 498 1753 σεωυτὸν
523 1688 641 1762 ὤλεσας
665 1672 718 1778 τῆς
742 1701 871 1755 σεωυτοῦ
896 1693 1038 1776 πατρίδος
1068 1704 1171 1763 κακῶς
1198 1715 1271 1776 προ·
1322 1757 1324 1760 ,

210 1820 292 1890 στάς,
317 1813 376 1878 ἀπὸ
401 1816 433 1878 δὲ
457 1813 577 1887 ὤλεσας
601 1814 701 1899 Κῦρον
727 1819 906 1901 πειθόμενον
931 1840 978 1880 σοι
991 1820 1012 1883 ¹.
1059 1818 1216 1883 Steinium
1237 1820 1269 1881 in

210 1944 258 2007 ed.
283 1943 403 2021 critica,
428 1945 482 2027 qui
505 1966 561 2007 suo
584 1966 670 2008 more
694 1944 878 2026 πειθόμενον
902 1947 949 2005 σοί
973 1945 1093 2023 scribit,
1118 1948 1205 2008 recte
1222 1945 1271 2007 vi-

210 2069 291 2132 disse
317 2070 419 2147 crede,
450 2091 547 2152 quum
570 2069 655 2133 haud
679 2070 719 2133 sit
749 2071 968 2146 dubitandum,
999 2071 1076 2152 quin
1100 2069 1272 2152 Cambyses

209 2193 243 2257 id
267 2194 371 2258 dicere
395 2194 482 2271 velit,
507 2195 667 2258 fortunam
691 2194 765 2278 Cyri
790 2196 955 2258 adversam
979 2195 1051 2258 inde
1075 2198 1175 2258 totam
1199 2217 1272 2277 pro-

211 2319 328 2382 fectam
360 2341 438 2398 esse,
478 2320 562 2402 quod
593 2319 716 2397 Croeso,
752 2323 787 2383 ut
817 2320 851 2382 in
873 2319 1073 2405 Massagetas
1096 2321 1271 2398 invaderet,

210 2445 356 2525 suadenti
386 2446 632 2528 obtemperaret.
686 2443 797 2509 Omnis
827 2445 927 2531 igitur
957 2445 1208 2529 vituperationis
1239 2446 1273 2508 in

210 2594 305 2655 quam
329 2570 403 2655 Cyri
435 2593 545 2634 caussa
570 2571 702 2635 Croesus
727 2572 904 2651 adducitur,
936 2572 1027 2655 quasi
1051 2572 1145 2634 cardo
1168 2571 1201 2633 in
1226 2573 1272 2631 σοί

209 2698 355 2762 vertitur.
401 2697 510 2761 Etiam
545 2696 694 2761 hocloco
718 2697 743 2760 L
769 2698 867 2761 codex
895 2697 978 2761 solus
1013 2697 1194 2779 πειθόμενόν
1225 2717 1272 2757 σοι

210 2822 349 2888 exhibet.

318 2944 340 3008 Γ
366 2948 487 3011 6211.
512 2946 659 3012 Smerdes
684 2972 702 3011 a
727 2947 884 3031 Cambyse
901 2948 1000 3011 fratre
1016 2947 1204 3010 interfectus
1221 2949 1270 3010 est

210 3075 353 3158 adjutore
387 3072 559 3155 Prexaspe.
612 3072 716 3147 Quum
746 3076 853 3136 autem
877 3072 1049 3156 Cambyses
1072 3073 1105 3135 in
1129 3070 1271 3156 AEgypto

210 3199 351 3284 degeret,
375 3197 492 3282 Magus
515 3198 644 3281 quidam
668 3198 800 3261 fratrem
824 3220 925 3275 suum,
951 3199 1002 3262 cui
1018 3219 1141 3281 quoque
1158 3220 1270 3261 nomen

211 3328 280 3387 erat
303 3322 427 3387 Smerdi
450 3324 568 3406 quique
593 3322 741 3387 Smerdes
764 3299 865 3388 frater
888 3324 973 3408 regis
999 3344 1066 3385 esse
1090 3323 1187 3407 vulgo
1203 3345 1272 3386 cre-

210 3449 355 3528 debatur,
380 3448 413 3512 in
436 3449 525 3533 regio
548 3450 699 3532 imposuit
723 3450 810 3514 solio.
857 3448 939 3512 Tum
962 3448 1150 3531 Prexaspes
1175 3470 1273 3531 quum

210 3575 250 3638 ab
286 3596 322 3637 eo
356 3596 414 3637 rex
448 3574 636 3657 quaesiisset,
678 3576 833 3658 quomodo
867 3573 1053 3657 perfecisset
1087 3574 1272 3637 mandatum

209 3721 311 3778 suum,
336 3694 359 3759 ὦ
384 3697 524 3772 δέσποτα,
549 3700 662 3784 inquit,
687 3695 741 3762 ota
765 3697 828 3760 ’ἐστι
844 3706 938 3760 ταῦτα
955 3695 1089 3783 ἀληθέα,
1106 3694 1186 3767 ὅκως
1201 3702 1271 3759 κοτέ

319 4004 339 4072 ¹)
359 4003 519 4074 πειθόμενόν
538 4021 577 4055 τοι
595 4005 624 4059 in
644 4006 685 4060 ed.
705 4004 849 4060 teutonica
869 4004 991 4068 Stenius3
1011 4004 1085 4073 quod
1103 4003 1133 4056 in
1151 4004 1229 4058 nullo
1239 4003 1270 4058 li-

208 4096 258 4150 bro
277 4095 333 4149 MS.
353 4097 403 4149 est.
