3117 4950
644 366 818 429 „23-

200 545 230 635 ei
258 545 342 628 quod
373 544 429 607 alii
460 544 564 608 sciunt
594 544 823 627 quodammodo
852 545 1009 609 contrarie
1044 544 1183 627 ponitur,
1221 548 1257 608 ut

198 666 289 755 ἡμεῖς
312 671 492 753 subjectum
516 669 658 733 additum
681 691 744 733 non
766 669 861 751 plane
885 670 1019 763 otiosum
1042 668 1107 751 sit).

266 806 270 813 '
305 789 332 856 εἰ
362 793 395 855 δέ
426 815 476 876 μοι
507 789 657 864 ἀπιστέεις
688 795 724 854 τὰ
754 795 822 876 περὶ
852 802 907 855 τῶν
937 796 1110 878 χρημάτων,
1141 797 1257 878 πέμψον

111 914 114 921 ⁴
198 915 279 990 ὅστις
302 940 347 981 τοι
370 922 545 989 πιστότατος
569 921 710 1001 τυγχάνει
734 915 800 990 ἐών,
824 928 864 1000 τῷ
888 915 960 997 ἐγὼ
983 914 1118 990 ἀποδέξω
1141 915 1256 984 Γ122.

199 1046 258 1121 22;
283 1040 308 1105 Δ
333 1044 407 1108 145.
424 1038 464 1127 3.’

304 1164 383 1247 Ἐγώ
406 1169 447 1232 in
477 1169 764 1233 enuntiatione
795 1169 1025 1252 temporali.

303 1296 355 1356 καί
385 1270 477 1375 Μοίρι
507 1289 587 1355 οὔκω
622 1290 657 1379 ἧν
688 1292 757 1355 ’έτεα
789 1290 943 1356 εἰνακόσια
973 1293 1170 1366 τετελεοκότι,
1206 1289 1254 1355 ὅτε
1324 1356 1326 1361 ,

196 1429 251 1481 των
276 1416 360 1501 ἱρέων
389 1416 447 1497 ἐγὼ
470 1417 580 1504 ἤκουον
605 1414 629 1478 Β
656 1419 707 1483 13.
725 1417 761 1497 4;
795 1419 844 1483 cfr
868 1415 897 1478 A
922 1420 997 1483 209.
1022 1421 1063 1484 23
1084 1421 1153 1504 jam
1176 1441 1254 1504 pag.

198 1546 237 1609 19
263 1545 408 1609 allatum.

302 1667 349 1731 Σί)
373 1670 413 1733 in
436 1670 726 1734 enuntiatione
750 1669 938 1734 relativa.

301 1796 337 1855 τὰ
361 1793 393 1856 δέ
417 1801 466 1856 νῦν
489 1798 647 1875 παρεόντα,
672 1790 817 1879 Πακτίιης
840 1796 897 1875 γάρ
920 1791 983 1855 ἐστι
1007 1790 1022 1855 ὁ
1047 1788 1183 1867 ἀδικέων,
1216 1803 1256 1874 τῷ

115 1946 121 1950 ·
195 1920 231 1981 σί)
255 1916 421 2002 ἐπέτρεψας
451 1916 571 2000 Σάρδις,
603 1913 689 1988 οὗτος
720 1917 795 1980 δότω
819 1940 863 1979 τοι
888 1917 972 2002 δίκην
996 1914 1027 1978 Α
1052 1918 1199 1995 155.17;
1230 1915 1254 1979 Γ

199 2045 311 2111 62.13
336 2044 423 2130 (pag.
450 2045 490 2108 13
514 2042 676 2126 allatum);
702 2044 775 2108 134.
793 2044 845 2108 31.

300 2165 348 2230 Σό
372 2170 411 2232 in
448 2170 734 2233 enuntiatione
758 2168 989 2251 temporali.

300 2288 379 2356 οὗτοι
404 2296 470 2375 γάρ,
495 2290 585 2355 ἐπεὰν
610 2294 645 2355 σὺ
670 2293 804 2374 βοόλεαι,
829 2291 947 2354 ἔσονταί
970 2314 1015 2354 τοι
1039 2289 1061 2353 Γ
1088 2294 1160 2357 134.
1178 2295 1231 2358 22.
1335 2326 1337 2330 v

300 2539 443 2614 Αδτόςε
462 2538 570 2605 αίιτίκα
586 2546 770 2628 προσείχετό
787 2566 817 2606 τε
834 2546 887 2606 καὶ
903 2543 1112 2627 προσεδέξατο,
1129 2547 1254 2628 νομίσας

193 2678 299 2752 μοῦνον
331 2666 406 2731 εἷναι
436 2673 577 2753 μαντήϊον
608 2671 639 2731 τὸ
659 2666 700 2734 ,έν
731 2666 885 2756 Δελφοῖσι,
917 2666 961 2732 ότι
989 2666 1016 2732 οἱ
1040 2666 1192 2755 έξεόρηκε,
1216 2671 1253 2731 τὰ

193 2791 283 2865 ne<
307 2792 406 2857 ιπαεε
430 2791 461 2855 Α
484 2795 538 2859 48.
556 2795 592 2872 e;
617 2796 746 2872 21.11;
1319 2772 1321 2776 ’

299 2916 326 2982 οἱ
349 2916 469 2981 niteat
493 2917 685 3002 έβοολεόοντο
711 2967 717 2980 .
744 2966 751 2981 .
777 2967 784 2981 .
810 2921 845 2981 τὰ
870 2916 995 3006 φρέατα,
1027 2922 1063 2981 τόι
1086 2920 1252 3002 παρεξίοιεν

194 3039 277 3107 αὐτοὶ
302 3092 309 3105 .
335 3092 342 3105 .
368 3091 375 3105 .
401 3052 530 3128 συγχοῦν
553 3041 578 3106 Δ
604 3046 676 3109 120.
695 3044 730 3121 53
755 3041 780 3105 Ε
805 3045 834 3109 6.
852 3047 888 3122 3;
913 3042 938 3105 Θ
961 3045 992 3109 4.
1010 3046 1039 3109 8.
