3117 4950
1504 422 1850 487 —00-

597 621 910 686 nusquam
970 602 1323 687 anteposito
1384 603 1651 668 articulo
1710 603 2091 668 substantivi
2136 605 2479 687 usurpatur
2520 623 2731 688 neque

597 751 676 793 ne
725 732 865 793 tum
916 729 1173 815 quidem
1219 730 1558 793 admodum
1603 697 1991 812 fsequenter,
2040 752 2234 812 quum
2265 730 2734 794 substantivum

601 854 868 919 articulo
919 857 1112 919 caret.
1204 853 1358 918 Tria
1397 852 1535 938 jam
1582 854 1769 918 attuli
1806 855 2127 938 exempla3
2176 854 2303 918 illis
2337 854 2485 918 addi
2514 858 2729 938 potest

599 982 915 1062 quartum,
978 980 1089 1044 ubi
1147 982 1364 1043 tamen
1412 982 1606 1066 σφέων
1656 973 1844 1041 αῦτῶν
1893 982 1988 1043 est
2032 1001 2379 1064 pronomen
2420 980 2734 1044 indirecte

598 1106 992 1170 reflexivum.
1085 1105 1204 1169 Est
1251 1108 1464 1169 autem
1510 1100 1560 1164 E
1611 1104 1715 1169 57.
1770 1104 1851 1168 10
1902 1100 2233 1189 Ἀθηναῖοι
2281 1103 2346 1166 δέ
2395 1084 2586 1191 σφεοῖς
2632 1101 2734 1166 ἐπὶ

600 1225 829 1317 ῥητοῖσι
877 1226 1153 1301 ἐδέξαντο
1201 1232 1395 1316 σφέων
1444 1223 1633 1291 αὐτῶν
1682 1225 1835 1291 εἶναι
1880 1228 2177 1314 πολιήτας
2205 1229 2247 1295 ¹.
2296 1267 2376 1274 —
2430 1230 2517 1293 Et
2564 1231 2734 1316 σφίσι

598 1350 830 1417 αὐτοῖσι
877 1359 942 1419 et
988 1351 1258 1416 ἑωυτοῖσι
1292 1355 1629 1419 admodum
1659 1377 1803 1418 raro
1837 1355 2267 1435 inveniuntur,
2318 1355 2479 1419 illud
2512 1360 2735 1419 tamen

601 1482 926 1565 aliquanto
957 1480 1188 1565 saepius
1222 1502 1414 1563 quam
1444 1479 1584 1545 hoc.
1675 1479 1869 1564 Cujus
1902 1481 1997 1544 rei
2028 1503 2155 1544 una
2188 1483 2284 1544 est
2316 1503 2525 1561 eausa,
2560 1482 2733 1564 quod

601 1602 767 1694 σφίσι
799 1607 1020 1686 solum,
1064 1609 1134 1670 ut
1164 1629 1309 1670 mox
1344 1606 1699 1690 apparebit,
1734 1606 1970 1689 quippe
2004 1607 2171 1689 quod
2203 1608 2562 1690 subjeetum
2598 1628 2730 1671 suae

600 1733 800 1826 ipsius
847 1731 1300 1796 enuntiationis
1347 1732 1451 1795 hie
1499 1731 1632 1795 illie
1679 1734 1944 1814 spectet,
1995 1732 2217 1797 eadem
2261 1731 2327 1796 vi
2375 1735 2440 1795 et
2479 1732 2731 1816 signifi-

603 1859 848 1923 catione
897 1862 1086 1942 atque
1135 1853 1406 1918 ἑωυτοῖσι
1455 1860 1520 1921 et
1570 1859 1735 1942 σφίσι
1781 1851 2013 1918 αῦτοῖσι
2060 1858 2341 1922 effertur.

827 2109 1035 2185 Quum
1094 2104 1312 2169 ἑωυτοῦ
1377 2112 1440 2172 et
1501 2103 1732 2169 ἑωυτῶν
1787 2111 2002 2191 partes
2064 2107 2334 2192 genitivi
2391 2108 2732 2191 possessivi

613 2235 946 2314 sustinent,
1016 2233 1390 2317 plerumque
1438 2234 1531 2313 fit,
1594 2255 1788 2316 quum
1834 2235 1904 2296 ut
1951 2232 2417 2297 substantivum
2463 2232 2731 2298 articulo

613 2364 984 2424 iurat-mmmm
1053 2359 1155 2438 sit,
1224 2362 1363 2423 tum
1424 2361 1495 2423 ut
1548 2380 1896 2441 pronomen
1941 2358 2315 2422 reflexivum
2359 2358 2527 2422 inter
2570 2359 2730 2422 illud

609 2496 669 2548 vt.
721 2488 882 2548 hune
931 2486 1013 2549 sit
1060 2485 1540 2569 interpositum3
1589 2486 1701 2548 sed
1746 2507 1847 2548 res
1894 2507 2020 2549 non
2062 2507 2409 2568 numquam
2446 2484 2631 2548 aliter
2662 2506 2730 2549 se

613 2612 821 2672 lum-t..
899 2609 1048 2674 'Aut
1080 2610 1251 2675 enim
1283 2610 1535 2690 accidit,
1586 2612 1657 2673 ut
1686 2632 2033 2694 pronomen
2065 2610 2458 2689 reflexivum‚
2507 2632 2731 2693 quam-

609 2760 793 2820 quam
857 2737 1158 2801 articulus
1219 2736 1616 2800 substantivo
1662 2736 2001 2814 antecedit,
2056 2738 2273 2799 tamen
2318 2734 2731 2817 praedicative

609 2864 1026 2948 :missua-atum
1089 2864 1200 2925 aut
1245 2864 1315 2924 ut
1361 2861 1830 2925 substantivum
1875 2860 2103 2944 ipsum,
2169 2861 2288 2924 etsi
2333 2860 2569 2925 habere
2616 2882 2733 2942 po-

613 2992 753 3064 ,ῒι-ε-ὲ..
805 2987 1140 3051 articulum
1185 2986 1489 3052 omiserit.

829 3112 892 3192 τι)
943 3106 1212 3174 συνοίκεε
1263 3110 1328 3173 δὲ
1377 3107 1597 3173 ἑωυτοῦ
1648 3109 1942 3193 συνδουλῃ
1990 3106 2050 3170 Α
2099 3110 2246 3174 110.
2296 3110 2369 3188 4;
2419 3105 2467 3170 Γ
2516 3110 2619 3174 53.
2670 3110 2732 3174 9.

825 3232 877 3296 οἱ
925 3233 1083 3320 ἱρέες
1128 3234 1269 3320 ἐμοὶ
1317 3232 1755 3298 ἀπεδείκνυσαν
1802 3233 1991 3297 παῖδα
2036 3236 2261 3316 πατρὸς
2308 3230 2537 3324 ἑωυτῶν
2585 3230 2737 3296 ἕκα-

617 3384 745 3424 τῑῡν
797 3360 968 3424 τὲξιντα
1015 3358 1066 3422 Β
1116 3362 1262 3427 143.
1315 3363 1432 3439 10;

825 3491 1209 3572 καταστήσας
1257 3481 1675 3574 Ἀρταφέρνεα
1722 3482 2016 3572 ἀδελφεὸν
2049 3480 2270 3546 ἑωυτοῦ
2306 3531 2320 3545 .
2358 3531 2371 3545 .
2410 3531 2423 3546 .
2461 3480 2735 3569 ὕπαρχον

617 3613 765 3677 zita:
821 3613 861 3673 E
912 3613 1018 3678 25.
1069 3614 1141 3691 13

829 3741 1210 3824 μεμφόμενος
1281 3783 1294 3797 .
1361 3783 1374 3797 .
1427 3784 1441 3797 .
1505 3745 1657 3799 τοῖσι
1725 3732 2082 3821 Αἰγινήτῃσι
2151 3731 2443 3820 προτέρην
2514 3731 2737 3798 ἑωυτοῦ

617 3865 886 3933 {iiia-nv
936 3859 978 3922 Z
1026 3863 1130 3927 88.
1179 3863 1240 3927 4.

837 4041 853 4065 ¹
890 4006 1031 4096 Vide
1075 4038 1348 4095 Cavallin.
1387 4040 1418 4106 ἓ
1461 4041 1560 4095 106
1600 4058 1649 4094 a.
1699 4058 1845 4094 anm.
1877 4041 1931 4105 13
1979 4040 2220 4095 Kiihner.
2258 4040 2461 4111 Hpag.
2489 4041 2593 4094 495
2632 4039 2738 4096 Ue·

622 4133 777 4185 instruis
801 4133 877 4185 111-
