3117 4950
712 1484 804 1549 OAP.
836 1482 861 1550 Ι.

254 1664 300 1743 De
328 1661 577 1761 pronominibus
605 1662 834 1760 personalibus
862 1683 924 1761 pro
950 1662 1098 1760 subjecto
1132 1664 1317 1762 usurpatis,

254 1880 387 2045 Quum
411 1950 592 2032 subjeetum
615 1949 843 2012 enuntiationis
860 1948 994 2032 alicujus
1011 1952 1067 2012 aut
1082 1950 1108 2011 is
1125 1950 1176 2026 sit,
1200 1951 1255 2032 qui
1271 1949 1317 2013 lo-

253 2075 362 2157 quitur
384 2074 419 2156 (i.
444 2097 471 2139 e.
496 2078 531 2137 ut
554 2076 645 2157 ajunt
667 2075 767 2137 nostri
790 2074 893 2157 prima
916 2074 1076 2157 persona),
1099 2075 1317 2159 autiS,quen1

255 2200 326 2283 quis
360 2200 475 2263 affatur
503 2199 655 2280 (secunda
682 2200 842 2282 persona),
878 2203 933 2262 aut
955 2200 982 2262 is
1006 2198 1075 2279 (id),
1100 2200 1138 2263 de
1163 2221 1224 2283 quo
1247 2201 1317 2283 quis

253 2323 393 2406 loquitur
427 2322 536 2404 (tertia
571 2324 728 2407 persona),
764 2324 819 2407 qui
854 2323 964 2406 (quod)
991 2328 1099 2388 tamen
1126 2325 1195 2407 jam
1223 2328 1318 2387 antea

257 2453 518 2514 commemoratus
543 2448 639 2531 (um)
664 2452 721 2530 est,
746 2450 837 2514 utin
860 2449 974 2513 nostris
997 2449 1116 2535 linguis
1131 2450 1222 2527 vivis,
1246 2472 1317 2533 quae

253 2578 415 2652 vocantur,
446 2575 618 2658 pronomen
647 2576 812 2659 personale
848 2576 984 2639 sufficiat
1015 2576 1054 2638 ad
1077 2576 1316 2652 ostendendum,

254 2700 291 2762 de
316 2722 378 2782 quo
402 2701 628 2764 enuntiationis
651 2703 785 2765 verbum
807 2702 1009 2785 practicetur,
1033 2722 1135 2782 neque
1153 2701 1186 2762 in
1202 2700 1317 2763 Latino

252 2846 358 2907 neque
393 2825 427 2887 in
462 2825 572 2889 Graeco
607 2848 749 2890 sermone
785 2849 958 2909 pronomen
985 2825 1151 2908 personale
1182 2826 1318 2908 subjecti

253 2950 376 3014 vicibus
396 2951 537 3035 ‘fungens
556 2955 590 3014 ut
606 2954 743 3033 ponatur
759 2951 829 3014 fieri
845 2949 934 3027 solet,
959 2951 1014 3014 sed
1030 2943 1213 3013 terminatio
1228 2951 1317 3013 verbi

254 3076 421 3157 praedicati
444 3076 521 3153 sola,
546 3076 584 3138 de
610 3098 673 3158 qua
696 3097 831 3159 persona
846 3076 879 3139 id
903 3077 986 3159 quod
1003 3076 1186 3138 enuntiatur
1201 3074 1317 3150 valeat,

251 3200 293 3262 ad
316 3199 521 3262 indicandum
545 3201 622 3262 satis
645 3202 760 3282 potest.
808 3197 972 3263 Interdum
996 3203 1112 3278 autern,
1137 3221 1234 3282 quum
1250 3223 1318 3263 ma·

248 3324 300 3405 jor
335 3324 478 3407 subjecto
511 3324 558 3387 uis
593 3324 754 3401 tribuitur,
790 3346 886 3407 quarn
921 3327 956 3386 ut
982 3324 1204 3387 terminatione
1228 3325 1318 3388 verbi

251 3449 418 3530 praedioati
435 3449 474 3512 ad
493 3449 613 3511 animos
629 3442 805 3534 legentium
822 3449 898 3511 satis
915 3448 1041 3511 fortiter
1052 3450 1228 3531 perueniat,
1243 3450 1317 3512 sub-

247 3573 371 3656 jectum
385 3596 423 3636 ex
435 3574 619 3656 pronomine
632 3573 793 3657 personali
806 3576 952 3637 constans
966 3595 1022 3636 sua
1034 3596 1110 3637 voce
1124 3573 1318 3636 efferendum

252 3699 311 3761 est.
357 3696 417 3760 Est
440 3698 524 3760 enim
549 3701 804 3775 consentaneum,
836 3719 908 3760 eum
931 3698 986 3780 qui
1008 3697 1148 3779 loquitur
1171 3698 1200 3760 ei
1224 3720 1319 3780 quern

252 3821 423 3904 alloquitur
450 3822 502 3885 vel
535 3823 564 3885 ei
592 3823 630 3886 de
660 3845 722 3906 quo
753 3822 874 3905 aliquid
898 3822 975 3885 dicit
997 3822 1138 3885 oratione
1162 3843 1195 3884 se
1219 3843 1317 3904 oppo-

252 3967 327 4008 nere
356 3914 411 4009 aut
437 3945 521 4010 huno
551 3947 677 4009 demum
708 3971 726 4009 a
753 3947 906 4029 scriptore
931 3946 1001 4009 aliis
1025 3946 1179 4029 subjectis
1202 3946 1318 4028 opponi

251 4092 360 4152 posse;
396 4092 467 4154 quae
492 4071 646 4154 oppositio
671 4048 822 4135 adhibitis
846 4071 1084 4154 pronominibus
1109 4074 1253 4155 augetur,
1283 4074 1319 4133 ut
