3117 4950
1491 369 1969 447 -54—‘

810 559 1097 650 Σφέων;
1169 558 1335 626 αυτοὶ
1407 560 1472 625 δὲ
1542 564 1677 645 περὶ
1748 566 1941 650 σφέων
2002 562 2113 646 (==
2163 563 2240 627 de
2296 562 2392 646 se)
2452 557 2567 624 ὧδε
2614 558 2721 625 λέ-

598 708 767 768 γουσι
814 684 1016 774 Μῆδοι
1065 684 1122 749 Η
1172 690 1277 753 62.
1328 689 1400 767 7;

810 811 1070 896 ἔπεμπον
1141 817 1334 900 σφέων
1405 809 1590 875 ἱππέα
1658 813 1769 895 (=
1834 812 2113 898 equitem
2172 836 2251 877 ex
2296 836 2384 892 se,
2447 814 2522 878 de
2569 813 2721 893 suis»,

596 938 965 1022 mittebant)
1013 935 1040 1000 I
1091 939 1195 1003 54.
1247 939 1306 1003 7.

810 1059 1038 1151 Σφίσι
1087 1064 1325 1129 directe
1358 1063 1752 1144 reflexivum,
1786 1065 1898 1129 sed
1929 1087 2054 1129 non
2086 1039 2511 1149 reciprocum:
2548 1061 2723 1144 ἐβου-

599 1188 822 1251 λευσαν
881 1198 991 1251 τῶν
1040 1189 1207 1272 παρὰ
1255 1191 1420 1276 σφίσι
1468 1187 1911 1273 διδασκομένων
1958 1172 2183 1252 παίδων
2230 1187 2337 1252 ἕνα
2381 1191 2726 1273 κατακόψαι

599 1310 659 1375 Α
715 1316 819 1379 73.
870 1316 975 1380 20.
1581 1290 1587 1299 '

812 1435 874 1502 αἱ
908 1435 1242 1523 θυγατέρες
1274 1441 1657 1523 πορνεύοντοιι
1688 1450 1899 1514 πᾶσαι,
1946 1440 2349 1519 συλλέγουσαι
2381 1443 2545 1528 σφίσι
2577 1461 2726 1528 φερ-

598 1567 706 1635 νάς
754 1561 812 1625 Α
864 1567 967 1630 93.
1019 1566 1127 1630 13.

810 1692 916 1752 καὶ
975 1692 1040 1752 τὸ
1088 1686 1314 1774 οὔνομα
1361 1687 1699 1774 Ἀμμώνιοι
1748 1688 1866 1753 ἀπὸ
1914 1691 2083 1755 τοῦδε
2133 1694 2297 1779 σφίσι
2345 1695 2448 1778 τὴν
2497 1689 2727 1755 ἐπωνυ-

602 1817 740 1900 μίην
788 1812 1142 1902 ἐποιήσαντο
1191 1811 1241 1877 Β
1288 1818 1394 1882 42.
1446 1819 1562 1895 19;

815 1936 1059 2027 Καρίης
1128 1944 1231 2026 τὴν
1302 1942 1533 2027 πολλὴν
1617 1914 2118 2028 προσεκτήσαντοι
2170 1937 2335 2029 σφίσι
2405 1944 2726 2027 συμμαχον

606 2064 753 2128 {hau
801 2072 910 2148 ξε
959 2067 1081 2132 Sibi
1128 2069 1674 2151 comparaverunt,
1722 2071 1793 2132 ut
1839 2069 2007 2133 socia
2055 2067 2262 2149 fieret)
2305 2064 2356 2129 E
2391 2069 2538 2133 103.
2574 2067 2679 2132 10.

817 2187 946 2254 οὔτε
995 2213 1083 2263 τις
1128 2194 1343 2255 τουτων
1390 2201 1501 2256 τῶν
1549 2195 1614 2254 τὸ
1646 2203 1762 2255 πᾶν
1796 2187 1960 2280 σφίσι
1986 2193 2008 2230 ¹
2053 2191 2171 2278 ἤδη
2207 2191 2529 2259 δοκεόντων
2570 2212 2721 2255 κατ-

609 2320 903 2396 zffiiz-ffiott
952 2365 967 2379 .
1019 2364 1034 2379 .
1087 2365 1101 2378 .
1150 2322 1498 2403 πειρήσεται
1544 2315 1595 2379 Θ
1645 2320 1791 2383 100.
1845 2319 1959 2397 16;

821 2439 1109 2531 Σφέαςε
1175 2442 1347 2527 διχοῦ
1397 2439 1589 2530 σφέας
1636 2442 1945 2514 διελόντας
1992 2439 2039 2506 Δ
2068 2444 2217 2509 120.
2254 2443 2289 2507 7
2325 2442 2436 2527 (=
2470 2443 2536 2508 in
2570 2444 2725 2508 duas

609 2596 621 2652 1
637 2600 661 2632 *z
673 2600 685 2632 ι.
697 2576 741 2632 si
753 2592 817 2632 *35
863 2592 929 2634 SE
978 2570 1377 2653 dividensses).

817 2691 1203 2781 Σφέτερος
1248 2694 1391 2760 vide
1437 2713 1591 2781 pag.
1639 2694 1746 2761 48.

825 2946 1176 3011 Herodotus
1237 2947 1316 3011 ad
1375 2947 1649 3032 gradum
1696 2945 2196 3031 comparativum
2240 2945 2344 3010 vel
2388 2946 2728 3031 superlati-

609 3096 745 3132 mm
801 3072 1099 3157 adjectivi
1145 3094 1360 3136 casum
1406 3072 1761 3158 genitivum
1806 3070 2193 3156 pronominis
2240 3071 2531 3136 reflexivi
2576 3066 2729 3133 ἑωυ-

609 3220 725 3256 trs..
801 3196 1031 3260 ἑωυτῶν
1104 3198 1334 3263 addere
1406 3202 1611 3277 amat3
1682 3221 1808 3283 qua
1875 3200 2215 3263 verborum
2284 3196 2725 3281 conjunctione

609 3324 934 3388 famulare
1004 3324 1160 3405 vult,
1234 3323 1476 3409 aliquid
1546 3324 1759 3408 aliquo
1826 3327 2111 3407 tempore
2180 3322 2284 3387 vel
2338 3323 2475 3388 loco
2519 3323 2727 3407 magis

609 3473 793 3529 [μω-ιη
864 3448 1023 3513 solet
1092 3449 1185 3513 rei
1253 3451 1583 3535 proprium
1629 3472 1763 3514 esse
1787 3449 1833 3529 2,
1884 3448 2125 3534 aliquid
2171 3470 2237 3512 se
2285 3448 2497 3531 ipsum
2544 3448 2725 3532 quasi

609 3596 925 3657 nqwrare.
1018 3574 1195 3650 Quod
1244 3576 1411 3659 apud
1453 3598 1526 3640 ea
1578 3596 1826 3660 quoque
1861 3575 2175 3659 adjectiva
2207 3574 2299 3653 fit,
2348 3595 2487 3657 quae
2534 3595 2729 3657 quum

617 3705 809 3761 [mm-152
867 3701 1102 3786 gradus
1159 3701 1416 3784 positivi
1462 3702 1610 3782 sint,
1671 3705 1890 3765 tamen
1935 3722 2002 3764 re
2052 3703 2116 3763 et
2162 3721 2349 3763 sensu
2396 3720 2723 3783 eompara-

613 3837 622 3889 1
645 3833 669 3889 ἱ·
689 3861 713 3889 ι>ι
729 3857 733 3889 ι
749 3865 753 3885 ι
769 3853 844 3893 Ἧι
891 3826 1276 3892 contineant.

833 4005 843 4031 ¹
882 4004 985 4075 Σφί
1021 4004 1316 4060 Abichtius
1356 4022 1481 4060 cum
1520 4002 1707 4063 codice
1744 4004 1803 4063 L.

833 4094 846 4130 Β
886 4095 1143 4160 Cavallin
1183 4095 1213 4166 θ
1252 4096 1336 4153 96.
