3117 4950
701 411 852 472 -2-

349 591 471 655 llormae
495 588 716 672 pronominum
739 585 953 669 personalium
977 586 1017 647 ab
1041 583 1202 648 Herodoto
1212 605 1307 646 usur-

129 782 133 793 „
242 720 327 799 patae
351 714 468 778 Atticis
492 714 543 777 hae
571 712 739 776 dissimiles
763 715 851 775 sunt:
876 732 949 795 gen.
974 711 1056 795 sing.
1081 705 1162 791 ἐμέο,
1180 712 1242 779 σέο,
1261 705 1305 781 ἕο,

243 862 314 923 quae
347 840 373 902 si
405 840 438 903 in
461 859 559 923 unum
589 836 828 914 contrahuntur,
852 833 935 917 έμεῖ),
967 842 1029 907 σεῦ,
1055 829 1088 895 εὖ
1112 835 1208 911 fiunt;
1232 855 1306 918 gen.

243 964 326 1047 plur.
350 960 460 1049 ἡμέων,
485 957 593 1044 ἡμέων,
618 964 729 1047 aptum
754 961 820 1024 dat.
844 960 926 1043 plur.
944 962 1005 1044 oqi3
1019 981 1084 1023 ace.
1097 959 1181 1042 plur.
1196 955 1306 1043 ἡμέας,

244 1083 349 1172 ὑμέας,
373 1091 482 1173 σφέας
509 1109 581 1171 gen.
605 1087 688 1170 plur.
705 1086 832 1171 generis
849 1086 923 1150 fem.
948 1079 1038 1153 αὐτός
1053 1084 1246 1167 pronominis
1260 1087 1312 1147 est
1359 1108 1385 1183 0'

246 1207 373 1287 cirtam
410 1213 534 1277 dativus
559 1206 683 1282 αὐτοῖσι,
709 1205 830 1293 airaon
855 1232 928 1273 nam
952 1232 1023 1293 quae
1048 1209 1142 1273 aliter
1165 1209 1307 1272 formatae

246 1341 366 1415 i'ormae,
401 1342 437 1400 ut
459 1334 562 1422 ἡμέες,
592 1334 675 1421 ἡμῶν
705 1338 776 1413 ete,
800 1335 852 1398 hie
876 1335 942 1397 illic
965 1334 1179 1411 inveniuntur,
1203 1333 1309 1396 reiici-

247 1463 336 1527 endae
360 1465 443 1526 sunt.

353 1585 432 1650 Sunt
468 1589 574 1650 autem
598 1586 718 1663 formae,
754 1606 835 1668 quae,
865 1585 948 1668 apud
972 1584 1169 1648 Herodotum
1191 1583 1310 1665 passim

247 1712 348 1789 lectae,
391 1735 409 1775 a
451 1711 675 1775 consuetudine
715 1709 843 1774 dialecti
885 1710 989 1772 atticae
1031 1730 1157 1791 prorsus
1199 1707 1310 1771 alienae

248 1838 321 1901 sint.
367 1833 513 1919 Namque
549 1839 666 1918 praeter
701 1837 747 1896 oui
782 1834 934 1912 dativum,
963 1835 1018 1916 qui
1053 1834 1136 1916 apud
1168 1837 1310 1897 nostrum

248 1962 436 2045 scriptorem
470 1982 595 2043 semper
626 1961 785 2024 acuendus
813 1960 948 2037 videtur,
973 1961 1016 2020 τοί
1040 1960 1141 2023 forma
1165 1960 1312 2023 enclitica

250 2087 361 2150 eadem
394 2087 422 2148 si
456 2107 518 2149 non
552 2086 584 2148 vi
612 2088 645 2148 at
675 2084 908 2169 significatione
940 2085 1080 2147 effertur.
1132 2083 1241 2148 Tertia
1264 2090 1313 2149 est

249 2212 351 2275 forma
386 2210 485 2273 dativi
520 2210 692 2294 singularis
715 2203 785 2281 τεῒν,
810 2210 1032 2273 terminatione
1057 2246 1097 2253 —
1124 2232 1148 2270 u
1172 2211 1258 2273 facta
1281 2215 1315 2273 et

251 2338 290 2400 ab
313 2334 475 2401 Herodoto
499 2357 537 2397 ex
560 2335 819 2417 inscriptionibus
843 2335 974 2413 duabus
1001 2357 1071 2417 quae
1097 2334 1243 2399 Cadmeis
1258 2336 1312 2399 lit-

250 2461 327 2526 teris
352 2463 489 2525 exaratae
514 2463 597 2538 sunt,
623 2460 783 2544 exscripta
807 2456 832 2521 E
858 2460 909 2525 60.
933 2462 964 2536 4;
994 2461 1046 2524 61.
1067 2461 1116 2526 4¹.
1154 2446 1157 2453 ⁴

356 2585 480 2648 Formae
505 2586 698 2668 pronominis
721 2586 824 2649 tertiae
841 2607 983 2668 personae
1001 2588 1056 2647 aut
1072 2607 1110 2649 ex
1127 2580 1198 2646 adro
1215 2587 1315 2669 stirpe

251 2712 353 2775 ductae
370 2713 454 2788 sunt,
471 2714 526 2773 aut
541 2732 581 2772 ex
597 2710 696 2792 stirpe
712 2709 875 2787 reflexiva,
892 2731 988 2805 quam
1000 2709 1037 2773 G.
1051 2709 1199 2793 Meyerus
1211 2715 1314 2775 vocat.

252 2835 328 2914 Quae
361 2835 467 2917 stirps,
502 2835 529 2897 si
560 2835 694 2898 eundem
721 2838 882 2898 auctorem
909 2834 1079 2916 sequimur,
1115 2835 1224 2899 formis
1255 2858 1314 2899 nu·

252 2961 333 3023 meri
359 2958 532 3044 singularis
557 2959 657 3022 altera
681 2963 738 3036 est,
770 2959 870 3021 altera
893 2959 1002 3022 formis
1026 2959 1149 3022 numeri
1173 2959 1314 3042 pluralis

252 3084 355 3147 Docet
394 3085 479 3146 enim
494 3083 517 3162 ²,
553 3083 624 3146 illas
656 3106 694 3146 ex
724 3084 824 3166 stirpe
848 3082 952 3167 (eafa)
976 3103 1033 3165 ose
1057 3087 1143 3147 reete
1168 3084 1317 3163 derivari,

252 3208 304 3271 his
331 3211 438 3272 autem
461 3209 589 3271 subesse
618 3227 674 3293 σφε
698 3208 841 3290 stirpem,
866 3209 956 3290 cujus
983 3208 1073 3292 origo
1089 3209 1227 3272 nondum
1243 3209 1318 3272 illu·

257 3335 356 3395 strata
391 3333 442 3396 sit.
500 3331 649 3410 Cauerus
683 3333 738 3415 qui
777 3333 825 3395 'de
855 3333 1074 3415 pronominum
1103 3333 1317 3416 personalium

255 3456 367 3521 formis
391 3461 423 3519 et
446 3479 504 3520 usu
527 3456 706 3520 Homerico*
731 3458 765 3519 in
787 3454 938 3521 VolVH
953 3455 1135 3522 Studiorum
1152 3457 1317 3522 Curtiano·

255 3603 325 3643 rum
348 3580 484 3664 scripsit,
509 3604 571 3645 non
595 3581 720 3644 dubitat
743 3582 859 3660 dicere,
883 3581 941 3644 has
964 3605 1071 3645 omnes
1096 3585 1212 3647 formas
1228 3606 1247 3645 a
1260 3603 1316 3665 ope

367 3828 375 3854 ¹
394 3830 529 3883 Homerus
549 3832 641 3883 autem
661 3829 741 3882 illam
761 3831 879 3883 formam
898 3830 1045 3898 quinquies
1065 3832 1188 3898 usmpat.

366 3915 569 3972 'Griechisehe
589 3918 765 3972 Grammatik
785 3919 816 3984 §§
838 3918 899 3981 409,
918 3918 978 3971 418.
1019 3918 1088 3982 „Fur
1106 3918 1151 3972 die
1169 3918 1316 3972 reflexiven

257 4006 460 4061 Pluralformen
479 4007 603 4075 fungiert
621 4007 666 4061 ein
685 4008 793 4062 Stamm
812 4024 859 4075 σφε
880 4036 912 4044 -
933 4048 939 4059 .
960 4047 966 4059 .
987 4048 992 4059 .
1013 4007 1061 4061 der
1076 4007 1227 4073 jedenfalls
1240 4007 1321 4060 nicht

257 4095 311 4149 mit
329 4100 380 4162 cfe
447 4114 479 4149 zu
498 4095 706 4160 identifieieren,
726 4096 755 4149 in
774 4095 892 4164 ubrigen
905 4096 976 4150 noch
988 4096 1068 4149 nicht
1078 4096 1238 4164 aufgekltrt
1255 4096 1318 4149 ist*
