3117 4950
694 421 867 484 ..15-

245 598 459 662 nificationem
491 600 571 682 ego,
601 599 647 676 tu,
675 599 712 661 is'
741 598 911 661 intentiore
934 618 1011 661 voce
1034 598 1310 680 pronuntiaturum

246 724 390 806 accipere
414 723 548 806 potest,¹

352 845 459 909 τέτοκα
487 849 620 929 γὰρκαὶ
644 844 702 925 ἐγώ
726 849 818 931 (uxor
840 849 986 931 pastoris,
1011 871 1082 931 quae
1105 849 1237 932 loquens
1260 848 1310 910 in-

247 973 382 1051 ducitur,
419 995 516 1056 quum
551 974 683 1037 dixisset
710 975 854 1050 maritus
889 973 1070 1038 Mandanen
1094 995 1229 1056 puerum
1252 996 1310 1056 pe·

245 1099 375 1181 perisse,
412 1100 444 1161 et
478 1098 541 1162 alia
576 1101 608 1161 et
637 1098 706 1162 haec
737 1099 915 1181 respondit:
951 1121 1013 1161 non
1036 1098 1092 1161 iila
1115 1097 1225 1176 solum,
1251 1119 1312 1182 ego

247 1223 344 1287 etiam
366 1222 491 1305 peperi)
515 1219 544 1282 A
570 1224 643 1287 112.
669 1224 727 1299 10,
752 1219 778 1283 Β
803 1224 876 1288 131.
903 1224 940 1286 11
967 1222 1034 1304 (καὶ
1056 1219 1169 1307 ἡμεῖς).

354 1345 384 1409 ἐν
408 1349 465 1428 γὰρ
489 1358 563 1410 adon
581 1357 655 1409 τοῖοι
672 1342 808 1429 Πέρσησι
823 1349 875 1407 καὶ
893 1341 982 1416 αὐτὸς
998 1349 1111 1425 γίνεται
1125 1343 1156 1408 Α
1171 1348 1244 1411 132.
1259 1348 1311 1411 10.

354 1469 561 1542 ἀποθανόντος
585 1472 617 1533 a
641 1473 754 1543 τοὺτοο,
778 1468 942 1553 Ἅρπαγος
964 1468 1078 1557 κατέβη
1097 1471 1241 1555 διάδοχος
1258 1480 1311 1555 της

249 1602 438 1682 στρατηγίης,
473 1592 559 1674 γένος
592 1598 645 1658 καὶ
669 1592 759 1667 αὐτὸς
782 1596 837 1678 (=
864 1597 968 1661 'afran
991 1597 1076 1675 han',
1101 1620 1180 1661 non:
1207 1597 1313 1660 'dfven

248 1722 312 1786 han
346 1722 446 1806 sjnlf')
483 1718 589 1806 neae
624 1698 679 1784 eat
714 1718 743 1781 n
777 1724 852 1787 raa
883 1725 919 1799 23
957 1723 1030 1787 reo.
1057 1725 1115 1799 11;
1153 1724 1227 1787 191.
1251 1724 1311 1799 233

250 1842 350 1912 aaa
376 1848 413 1923 s,
439 1844 460 1906 z
485 1847 536 1911 14.
562 1849 580 1909 2
605 1812 665 1929 (='
686 1847 704 1910 a
728 1849 777 1911 sin
800 1847 893 1928 siaa).

356 1967 390 2034 od
414 1967 513 2054 μέντοι
537 1966 606 2033 οὐδὲ
632 1966 715 2033 αὐτοὶ
739 1971 920 2056 δουλοούνην
945 1968 1082 2058 διέφυγον
1107 1970 1128 2032 Ζ
1151 1973 1204 2036 45.
1229 1974 1260 2036 5.

356 2095 393 2160 In
423 2097 473 2160 his
496 2097 597 2182 igitur
619 2097 764 2161 omnibus
789 2098 952 2180 exemplis,
977 2119 1047 2179 quae
1072 2099 1130 2161 sub
1154 2097 1186 2178 β)
1209 2098 1313 2179 posita

249 2227 332 2301 sunt,
364 2222 390 2285 is
422 2222 459 2284 de
490 2244 552 2305 quo
582 2221 689 2306 agitur
719 2223 839 2285 simul
863 2245 948 2285 cum
972 2223 1070 2286 aliis
1094 2223 1199 2305 aliquo
1222 2223 1316 2286 modo

250 2371 283 2411 se
312 2347 432 2411 habere
463 2346 593 2421 dicitur;
630 2350 739 2410 contra
769 2348 803 2410 in
835 2348 988 2430 exemplis
1011 2349 1070 2411 sub
1095 2347 1128 2428 α)
1151 2347 1262 2409 locatis
1285 2346 1312 2409 is

250 2474 305 2557 qui
327 2496 386 2557 pro
409 2472 552 2556 subjecto
574 2471 712 2555 ponitur,
738 2471 855 2536 dicitur
878 2472 999 2556 aliquid
1022 2472 1128 2536 facere
1145 2495 1203 2536 neo
1220 2471 1312 2555 quid·

250 2620 346 2682 quam
370 2598 407 2660 de
433 2598 503 2660 aliis
526 2598 686 2662 statuitur.

337 2710 400 2787 11.
445 2722 600 2787 Venimus
624 2745 706 2786 nuno
731 2724 771 2786 ad
795 2745 847 2786 eos
862 2723 956 2799 locos,
981 2723 1035 2787 ubi
1051 2744 1225 2805 pronomen
1239 2743 1314 2805 per-

250 2849 357 2914 sonale
392 2870 450 2931 pro
484 2848 627 2931 subjecto
661 2847 810 2930 positum,
845 2849 988 2930 quamvis
1013 2852 1133 2912 certam
1156 2869 1234 2925 rem,
1263 2848 1314 2910 oui

251 2976 439 3058 opponatur,
463 2994 525 3035 non
548 2971 675 3050 habeat,
699 2975 805 3035 tamen
831 2995 888 3037 sua
910 2995 986 3037 voce
1010 2973 1122 3037 efferre
1147 2972 1250 3035 visum
1266 2975 1316 3035 est

251 3098 409 3181 scriptori.
456 3095 545 3171 Quod
568 3096 676 3159 multis
701 3097 739 3159 de
764 3098 882 3160 caussis
902 3098 971 3160 fieri
987 3119 1078 3180 posse
1095 3097 1196 3180 liquet
1212 3118 1311 3179 eoque

252 3223 411 3287 difficilius
441 3226 489 3285 est
518 3224 679 3305 praecepta
703 3222 789 3286 dare.
836 3221 919 3285 Satis
943 3223 1042 3307 igitur
1065 3221 1263 3301 habebimus,
1287 3221 1313 3283 si

252 3349 310 3412 sub
342 3347 445 3411 titulis
474 3347 585 3429 paucis
616 3345 702 3411 haud
726 3347 821 3410 nimis
844 3369 947 3429 pauca
971 3347 1117 3430 exempla
1140 3349 1226 3410 recte
1250 3346 1315 3410 col-

252 3472 470 3536 locaverimus.

359 3620 387 3659 a.
434 3595 537 3670 Quum
567 3595 746 3679 subjectum
777 3597 1002 3660 enuntiationis
1026 3597 1160 3680 alicujus
1184 3596 1224 3659 ab
1247 3617 1316 3658 om-

250 3720 355 3799 nibus,
387 3720 577 3803 quicumque
608 3723 691 3800 sunt,
721 3721 927 3785 vehementer
958 3720 1174 3806 distinguitur,
1200 3742 1314 3802 prono-

252 3868 326 3909 men
347 3846 514 3929 personale
538 3868 601 3910 non
624 3849 709 3910 recte
733 3847 838 3911 omitti
854 3849 1100 3911 consentaneum
1117 3846 1180 3923 est3
1205 3846 1315 3907 eontra

364 4111 372 4136 ¹
392 4112 439 4166 ufr
458 4111 587 4167 Cavallin
606 4113 624 4166 1.
644 4112 663 4166 l.
683 4112 699 4178 ξ
720 4113 778 4166 104.
798 4112 825 4166 b.
