3117 4950
729 374 902 436 ..12...

364 621 368 631 ,
388 552 562 639 Ἀθηναῖοι,
592 555 801 615 καταστάντων
826 545 907 637 σφίσι
931 548 964 614 εὖ
992 549 1050 637 ἤδη
1074 560 1128 615 τῶν
1152 554 1343 636 πρηγμάτων,

282 683 491 750 πιστεὺσαντες
515 676 591 742 εἶναι
615 675 739 764 ἀληθέα
755 674 937 760 ἱδρὺσαντο.
964 725 971 740 .
997 726 1003 739 .
1029 675 1137 743 Ζ105.
1152 680 1203 743 10.

388 806 452 871 Res
476 807 522 869 ita
545 828 578 869 se
602 804 709 884 habet,
733 808 770 868 ut
792 800 817 864 E
843 805 905 867 103
930 807 962 868 et
985 801 1006 864 Z
1031 804 1094 868 105
1119 805 1345 890 σρ1σ11110111-

283 933 376 997 uibus
399 932 489 995 libris
513 929 580 996 MS.
604 931 746 1015 legatum
778 926 803 989 Θ
828 930 868 993 68
883 929 913 1012 β)
937 924 1019 1017 σφίσι
1042 931 1075 993 11
1099 930 1163 994 solo
1188 931 1293 995 codiee
1318 930 1353 994 L‘

283 1057 369 1121 insit.
415 1056 586 1122 Abichtius
621 1057 707 1141 σρίσο
737 1054 788 1119 his
822 1056 925 1120 tribus
955 1056 1032 1120 locis
1055 1055 1181 1136 retinet,
1206 1054 1346 1120 Steinius

284 1185 391 1247 autem
419 1183 453 1245 in
483 1184 618 1265 utraque
642 1181 779 1246 editione
804 1162 887 1267 σφίσι
911 1182 944 1244 in
968 1176 1019 1267 σρί
1045 1180 1190 1246 correxit.
1237 1180 1345 1264 Atque

284 1330 318 1371 re
353 1330 438 1387 vera,
474 1329 572 1390 quum
601 1307 761 1391 genitivus
792 1306 964 1386 absolutus,
989 1307 1043 1390 qui
1066 1309 1206 1385 vocatur,
1230 1307 1263 1370 in
1286 1307 1347 1371 hoc

286 1422 427 1497 extremo
458 1432 602 1516 exemplo
629 1418 751 1497 vicibus
776 1431 1000 1495 enuntiationis
1023 1432 1206 1516 temporalis
1229 1432 1348 1517 funga-

285 1562 347 1631 tur,
382 1581 445 1623 non
473 1558 617 1637 causalis,
654 1564 781 1622 oausam
806 1557 960 1641 ejusmodi
984 1558 1182 1635 continentis,
1211 1580 1281 1641 quae
1306 1581 1348 1622 ex

287 1684 391 1748 animo
426 1685 494 1767 ejus
529 1685 584 1767 qui
614 1684 648 1747 in
671 1684 887 1747 enuntiatione
910 1683 1062 1767 primaria
1084 1683 1188 1748 locum
1211 1686 1349 1768 subjecti

286 1811 384 1888 tenet,
409 1808 494 1872 diota
518 1831 585 1872 esse
609 1808 783 1886 indicetur3
809 1811 841 1871 et
864 1809 925 1872 duo
949 1808 1103 1891 exempla,
1128 1830 1199 1891 quae
1221 1813 1349 1874 antece-

289 1935 376 2014 dunt,
400 1933 481 1997 nihil
505 1934 592 1997 dubii
615 1933 764 2013 habeant,
789 1933 867 2016 quin
890 1936 972 2019 σφίσι
995 1934 1037 1996 sit
1059 1956 1146 1997 mere
1164 1935 1347 2018 personale:

288 2058 322 2121 hi
346 2062 410 2122 tres
433 2059 494 2124 loci
519 2062 573 2123 aut
597 2060 775 2144 corrigendi
799 2062 882 2138 sunt,
906 2064 941 2123 ut
964 2059 1041 2122 feeit
1056 2057 1205 2138 Stemma,
1230 2063 1285 2124 aut
1301 2063 1351 2124 est

289 2184 501 2264 statuendum,
526 2179 608 2271 σφίσι
631 2185 753 2250 vicibus
776 2185 970 2268 pronominis
994 2184 1188 2267 anaphorioi,
1212 2207 1276 2248 non
1298 2208 1350 2249 re-

289 2309 407 2388 flexivi
443 2311 527 2394 apud
561 2310 758 2375 Herodotum
788 2333 912 2394 quoque
942 2311 1035 2395 fungi
1057 2332 1159 2394 posse.
1205 2309 1257 2373 Ad
1280 2310 1350 2374 haee

291 2435 437 2520 exempla
460 2436 557 2500 etiam
580 2432 601 2496 Z
626 2437 699 2502 105.
724 2437 743 2501 9
767 2437 928 2501 numerari
950 2439 1064 2520 potest,
1087 2432 1143 2500 ubi
1159 2458 1352 2522 quamquam

291 2561 393 2625 editor
422 2565 553 2645 uterque
585 2556 636 2648 σρί
667 2561 806 2642 exhibet,
837 2563 871 2625 in
893 2563 1038 2627 omnibus
1060 2562 1151 2626 libris
1174 2560 1241 2626 MS.
1266 2556 1351 2647 σρίσι

293 2689 351 2766 est,
375 2688 458 2770 quod
481 2690 637 2770 praeterea
659 2689 778 2771 passim
801 2688 835 2751 in
857 2687 948 2752 libris
971 2687 1141 2766 invenitur,
1165 2690 1201 2750 ut
1217 2683 1238 2746 Z
1254 2687 1306 2750 49.
1321 2687 1350 2750 6.

399 2937 478 3003 Haec
502 2939 540 3002 de
564 2939 673 3003 formis
697 2939 830 3023 astirpe
847 2938 1175 3018 11111111111111111,
1199 2917 1352 3020 quantum

292 3086 351 3146 pro
384 3087 470 3128 mere
505 3066 723 3148 personalibus
758 3064 959 3129 exhihentur.
1011 3061 1096 3126 Nam
1123 3058 1265 3148 σφέτερος
1287 3062 1354 3128 vim

293 3191 486 3300 pronominis
515 3192 693 3275 possessivi,
725 3192 807 3275 quod
837 3213 899 3254 non
922 3189 1006 3253 idem
1029 3189 1071 3253 sit
1093 3188 1279 3253 reflexivum
1301 3188 1353 3251 vel

295 3317 572 3382 determinativum
605 3316 660 3401 (z
685 3317 777 3401 ipse),
814 3318 897 3400 apud
932 3315 1128 3397 Herodotum
1161 3315 1215 3377 vix
1245 3313 1352 3378 habet.

295 3442 444 3527 Exempli
477 3443 545 3508 loco
580 3444 687 3507 afferri
720 3445 826 3526 potest
855 3438 952 3504 222.
978 3441 994 3503 1
1028 3433 1145 3521 Ζαρίων
1171 3437 1202 3499 δὲ
1227 3440 1302 3499 τοῖσί
1326 3458 1354 3498 τι

296 3565 401 3652 ’έχουσι
424 3570 455 3629 τὸ
480 3572 533 3652 μὲν
558 3564 589 3637 ἐς
613 3569 681 3638 τοὺς
704 3563 830 3652 Μηδοος
853 3564 959 3629 ἐκτῶν
978 3572 1147 3647 στρατηγῶν
1172 3571 1238 3624 τῶν
1263 3584 1353 3649 ορε-

296 3690 412 3777 τὲρων
448 3695 573 3780 ποιηθὲν
604 3689 743 3778 οὐδαμῶς
772 3692 883 3779 ἤρεσκε
912 3690 967 3773 (=
993 3689 1106 3755 Samiis
1130 3689 1163 3752 id
1186 3689 1269 3771 quod
1292 3688 1354 3751 sui

297 3821 477 3905 ipsorum
500 3821 594 3884 duces
617 3821 760 3884 fecerant
782 3842 845 3882 non
867 3815 1039 3904 placebat),
1063 3814 1117 3879 ubi
1141 3816 1284 3902 σρετέρος
1300 3814 1354 3877 de·

297 3947 498 4017 terminative
522 3950 701 4036 usurpatur.
