3117 4950
759 386 932 451 ..30-

419 560 509 649 μέχρι
544 568 598 649 μὲν
631 564 798 651 θαλάσσης
828 559 944 627 αὐτοῖσι
968 561 1045 649 ὑμῖν,
1071 567 1103 628 τὸ
1127 565 1159 628 δὲ
1184 564 1243 629 ἀπὸ
1268 569 1374 630 τοὺτου

311 686 382 776 ἡμῖν
406 688 465 776 ἤδη
489 690 617 775 μελήσει
640 687 665 751 Ε
690 692 742 756 98.
769 691 826 769 13;
852 687 864 751 1
889 692 941 757 60.
968 692 1020 756 15.

320 883 326 893 .
418 810 544 902 Σφὲον
569 809 730 893 etism
761 812 780 901 ἡ
805 814 838 877 δὲ
862 810 967 900 Πυθίη
992 813 1051 878 ἀπὸ
1075 813 1171 903 σφέων
1196 821 1249 901 μὲν
1274 814 1375 882 αὐτῶν

312 935 367 1002 οὒκ
390 938 448 1026 ἔφη
473 935 588 1002 αὐτοῖσι
611 936 686 1002 εἶναι
711 942 788 1002 τίσιν
813 937 837 1001 Ε
862 941 914 1006 79.
938 943 969 1006 3.

420 1059 530 1138 Αὐτός,
554 1065 600 1129 sio
623 1066 762 1135 loentum
778 1068 814 1129 ut
829 1066 863 1129 in
878 1065 937 1130 hoo
950 1070 1091 1131 extremo
1104 1069 1249 1153 exemplo
1261 1092 1376 1153 quam-

312 1215 408 1277 quam
431 1190 618 1256 reflexivum
642 1192 765 1255 efficere
790 1192 878 1271 solet,
902 1195 1012 1257 tamen
1034 1193 1090 1257 illo
1112 1193 1180 1258 loco
1202 1195 1268 1257 vim
1284 1217 1376 1259 suam

312 1316 590 1382 determinativum
624 1315 679 1399 (=
705 1316 741 1380 af
772 1318 845 1381 dem
879 1317 1006 1402 sj'stlfve)
1041 1320 1173 1383 retinuit
1195 1342 1298 1403 neque
1323 1343 1376 1385 re-

313 1443 464 1507 flexivum
487 1443 617 1527 insuper
641 1443 786 1525 arripuit.
832 1442 929 1506 Haud
953 1443 1046 1507 aliter
1069 1444 1178 1510 formae
1202 1445 1377 1525 reflexisse,

312 1590 390 1651 quas
414 1569 603 1652 compositos
625 1590 722 1651 supro
745 1569 864 1641 vocavi,
888 1569 1049 1632 interdum
1072 1592 1174 1653 neque
1191 1571 1231 1635 sd
1247 1573 1377 1655 subjee-

311 1698 380 1758 tum
419 1696 562 1779 ejusdem
597 1694 823 1758 enuntiationis
858 1695 1040 1758 referuntur
1074 1718 1176 1780 neque
1216 1697 1255 1761 sd
1291 1719 1377 1777 eum,

312 1822 402 1904 eujus
437 1843 476 1884 ex
511 1842 605 1883 sensu
639 1820 760 1903 aliquid
795 1820 911 1883 dieitur
944 1820 996 1885 vel
1026 1823 1116 1904 eujus
1147 1844 1185 1884 ex
1209 1822 1375 1887 voluntate

313 1946 432 2030 aliquid
466 1946 514 2010 fit.
564 1943 625 2021 Qui
660 1967 734 2009 usus
768 1946 990 2027 pronominum
1024 1945 1246 2011 reflexivorum
1277 1948 1378 2011 etiam

312 2071 396 2156 apud
426 2071 557 2135 Latinos
592 2071 753 2135 invenitur
783 2069 1096 2153 (’Hsnnibalemsui
1120 2073 1205 2137 cives
1229 2075 1378 2156 epatris

312 2195 510 2280 ejecerunt),
545 2194 678 2260 fortasse
712 2199 820 2259 tamen
854 2197 956 2260 rarius
991 2218 1088 2279 quam
1122 2197 1207 2280 apud
1236 2196 1376 2279 (truscos,

311 2323 429 2406 quippe
453 2323 567 2405 quibus
590 2322 713 2386 nullum
734 2343 907 2404 pronomen
932 2322 1020 2404 ’ipse'
1044 2322 1223 2404 pronomini
1240 2322 1377 2386 Latino·

311 2470 381 2513 rum
405 2448 445 2513 ad
468 2447 573 2512 omnia
595 2448 789 2531 respondens
812 2448 865 2512 sit.

417 2570 489 2643 ὅσος
522 2569 558 2658 ἡν
587 2571 618 2636 ἒν
649 2583 688 2655 τῷ
712 2571 797 2634 ἄστεϊ
820 2582 901 2643 σῖτος
923 2575 977 2633 καὶ
1004 2569 1114 2634 §omos
1137 2574 1190 2634 καὶ
1214 2569 1377 2646 ἰδιωτικός,

312 2707 413 2762 τοῦτον
448 2702 546 2760 πάντα
580 2699 765 2781 συγκομίσας
795 2698 826 2762 Α
856 2700 908 2763 21.
935 2700 971 2776 9;
997 2700 1049 2765 80.
1075 2701 1111 2777 9;
1137 2699 1211 2764 116.
1236 2699 1273 2777 4;
1298 2700 1377 2765 119.

421 2840 431 2867 ¹
449 2843 522 2896 Nam
542 2836 627 2891 αὐτῶν
647 2838 734 2909 σφέων
754 2841 815 2894 sim.
834 2841 863 2893 in
882 2841 986 2896 litteris
1005 2842 1108 2896 Graeois
1124 2859 1180 2895 non
1193 2844 1247 2904 est;
1267 2842 1379 2911 Krfiger

311 2933 324 2986 Ι
344 2932 359 2999 ἓ
378 2933 420 2986 51.
441 2932 465 2985 2.
495 2932 574 2984 Anm.
595 2930 619 2984 3.
642 2961 678 2969 -
701 2929 773 2995 Quid
796 2935 839 2985 est
858 2932 1036 2986 statuendum
1055 2931 1088 2986 de
1109 2928 1128 2981 Z
1149 2931 1207 2985 137.
1228 2931 1326 2984 61111
1345 2931 1377 2985 in

312 3021 392 3075 libris
420 3022 476 3075 MS.
504 3020 588 3074 scribi
616 3019 739 3074 videtur:
768 3017 850 3069 ἐπείτε
878 3020 929 3089 γὰρ
957 3015 1019 3070 ἰδεῖν
1049 3019 1108 3079 τοὺς
1133 3016 1304 3088 Ἀθηναίους
1323 3018 1376 3090 τὴν

312 3110 415 3181 χώρην,
434 3109 484 3179 τὴν
504 3107 573 3178 σφίσι
593 3108 649 3176 (vel
668 3125 721 3178 σφι,
740 3108 782 3163 ita
800 3109 959 3176 Abiohtins)
980 3105 1080 3159 αὐτοῖσι
1098 3106 1145 3170 sse
1165 3105 1299 3178 Ὑμησσὸν
1314 3106 1376 3158 iou-

313 3218 361 3251 σαν
382 3196 474 3250 ’ἔδοσαν
496 3195 952 3268 [Πελασγοῐσ101111111018101111111]
973 3239 978 3250 .
1000 3239 1005 3251 .
1027 3240 1032 3251 .
1053 3196 1249 3267 ἐξεργασμένην
1269 3190 1296 3247 εὖ
1311 3235 1317 3247 .
1331 3236 1337 3248 .
1353 3217 1376 3262 .;

314 3290 338 3342 si
356 3288 493 3344 Steinium
512 3287 659 3356 sequimur,
679 3287 791 3342 videtur
809 3287 851 3341 its
863 3287 1026 3342 vertendum
1039 3304 1109 3342 esse:
1131 3289 1224 3354 'quum
1238 3286 1376 3341 vidissent

311 3377 494 3433 Athenienses
530 3381 641 3435 terrum.
679 3395 763 3445 quam
795 3375 864 3445 ipsis
897 3377 947 3429 sub
975 3377 1108 3444 Hymetto
1136 3376 1220 3430 sitam
1248 3376 1375 3445 Pelasgis

312 3468 453 3532 dederunt,
476 3466 546 3523 bene
575 3467 732 3520 excultam'.
774 3465 827 3520 Sed
846 3467 963 3520 fortasse
982 3465 1053 3518 nihil
1073 3465 1173 3519 addere
1192 3483 1260 3534 opus
1279 3469 1330 3529 est,
1350 3466 1376 3519 si

312 3576 374 3612 eum
392 3554 506 3611 Reiskio
525 3550 624 3606 αὐτοῖσι
643 3555 673 3609 in
692 3551 765 3605 strui
784 3558 910 3609 mutatur
928 3559 957 3610 et
976 3551 1028 3623 σφὶ,
1048 3555 1121 3622 qnod
1140 3555 1253 3609 exhibet
1271 3554 1375 3608 Abioh-

311 3647 376 3711 tius,
405 3645 548 3709 retinetur,
576 3648 608 3699 nt
636 3643 674 3698 sit
700 3645 877 3699 vertendum:
907 3646 999 3712 ‘quum
1022 3643 1157 3708 vidissent
1181 3643 1374 3710 Athenienses,

312 3740 414 3791 tenum
442 3752 526 3803 qnam
553 3734 604 3787 suh
631 3734 764 3801 Hymetto
794 3734 878 3788 sitam
903 3733 957 3802 ipsi
981 3732 1024 3799 (z
1050 3732 1243 3801 Athenienses)
1263 3732 1302 3788 eis
1328 3732 1372 3798 (=

312 3825 445 3895 Pelasgis,
466 3823 514 3893 qui
533 3826 617 3878 antes
635 3823 827 3888 nominantnr3
846 3840 935 3890 neque
954 3822 1113 3877 reflexivum
1127 3825 1177 3886 est,
1191 3840 1275 3889 quum
1289 3822 1375 3876 verba

312 3932 367 3968 non
395 3914 453 3968 sint
480 3914 667 3982 Pelasgorum,
696 3912 742 3966 sed
770 3911 905 3978 Heostaei)
935 3911 1069 3966 dederunt
1088 3952 1094 3963 .
1115 3952 1120 3963 .
1142 3913 1157 3962 .'
1203 3911 1247 3964 na
1273 3904 1375 3964 clarior

312 4004 414 4058 evadat
433 4001 580 4066 sententis,
600 4019 661 4071 quae
680 4000 739 4055 sine
758 4000 842 4056 dubio
860 4001 920 4053 haec
939 4003 993 4054 est:
1012 3999 1195 4054 Athenienses
1213 3998 1268 4068 ipsi
1286 3997 1325 4053 eis
1345 4002 1374 4053 et
1473 4044 1479 4057 .

313 4094 448 4148 dederunt
466 4097 495 4149 et
514 4092 681 4162 eripuerunt.
