3117 4950
706 367 857 429 ..7..

246 545 301 608 oui
324 520 524 627 potissimum
547 564 745 627 unaquaeque
769 566 820 607 res
843 543 1004 608 tribuatur
1026 544 1053 606 is
1077 543 1131 627 qui
1154 543 1235 627 legit
1263 543 1315 606 vel

249 670 338 733 audit
361 668 487 733 facilius
510 672 714 752 perspectum
736 667 865 732 habeat.

356 791 424 868 Quo
453 793 487 856 in
515 815 621 856 rerum
649 793 931 878 grammaticarum
954 793 1022 856 looo
1045 794 1190 875 quamvis
1214 793 1315 857 multa

208 988 212 995 ,
247 918 393 982 libertati
427 918 618 1000 scriptorum
652 917 822 981 tribuenda
846 918 920 997 sint,
950 921 987 981 ut
1009 940 1182 1001 pronomen
1205 940 1314 1000 perso·

252 1043 324 1106 nale
349 1065 585 1126 nonnumquam
602 1042 802 1121 adhibeatur,
827 1065 925 1126 quum
941 1043 1029 1106 nulla
1045 1045 1165 1127 majore
1182 1044 1214 1106 vi
1229 1065 1313 1126 prae-

251 1168 352 1231 ditum
364 1168 415 1246 sit,
435 1171 489 1230 aut
502 1189 609 1231 rursus
621 1190 684 1230 non
697 1167 898 1246 adhibeatur,
915 1189 1013 1250 quum
1026 1168 1108 1251 quod
1122 1168 1314 1232 eontrarium

249 1296 299 1370 est
317 1292 472 1375 seriptum
491 1292 533 1354 sit
544 1292 596 1355 vel
607 1314 680 1355 mox
692 1292 893 1377 intelligatur
906 1293 927 1368 ¹;
947 1292 1026 1355 mihi
1040 1296 1147 1356 tamen
1159 1293 1313 1376 persuasi,

250 1416 332 1480 hano
356 1438 423 1479 rem
446 1438 549 1499 neque
572 1417 607 1479 in
629 1439 716 1481 mero
740 1417 903 1500 scriptoris
927 1417 1059 1480 arbitrio
1074 1418 1195 1489 versari
1211 1439 1313 1500 neque

251 1542 292 1605 ab
315 1542 460 1605 omnibus
483 1541 609 1626 legibus
634 1542 819 1605 destitutam
848 1562 930 1619 esse3
955 1564 1033 1625 quas
1049 1542 1139 1627 leges
1154 1543 1313 1625 persequi,

251 1666 335 1749 quod
358 1666 525 1748 potuerim,
551 1669 583 1728 et
612 1666 808 1750 investigare
833 1688 937 1749 operae
954 1660 1092 1749 pretium
1107 1667 1218 1749 putavi
1235 1688 1313 1731 esse.

251 1788 328 1865 Qua
346 1813 444 1873 quum
463 1790 508 1852 ita
527 1790 602 1868 sint,
615 1794 723 1854 tamen
731 1794 801 1875 jam
812 1813 895 1855 nuno
909 1791 1122 1855 confitendum
1135 1795 1192 1871 est,
1205 1792 1314 1854 multis

251 1915 328 1979 loois
352 1916 479 1979 difficile
496 1914 593 1978 fuisse
609 1916 784 1994 intellectu,
809 1916 886 1999 quid
902 1921 938 1979 ut
953 1920 1198 1999 consequeretur
1214 1917 1314 2000 sorip·

251 2043 301 2104 tor
316 2044 493 2112 nosteraut
508 2042 649 2125 posuerit
666 2044 720 2105 aut
736 2064 799 2104 non
815 2042 956 2124 posuerit
971 2063 1155 2129 pronomen.
1183 2040 1315 2125 Aliquot

251 2165 351 2259 igitur
385 2166 468 2229 looos
504 2166 623 2251 eligere
659 2167 766 2229 studui
802 2166 966 2249 ejusmodi,
1002 2170 1037 2228 ut
1068 2166 1221 2255 exemplis
1246 2188 1313 2230 esse

250 2291 372 2372 possint
400 2302 474 2355 usus
499 2288 672 2354 Herodotei
696 2292 918 2374 pronominum
941 2291 1155 2374 personalium
1178 2291 1315 2374 subjecti

251 2415 374 2480 vicibus
398 2415 611 2501 fungentium.

358 2540 439 2605 Sunt
467 2545 574 2605 autern
602 2542 671 2606 haee
695 2543 907 2625 pronomina:v
932 2540 1000 2619 ἐγώ,
1025 2543 1071 2612 ot,
1095 2537 1193 2626 ἡμεῖς,
1219 2535 1314 2622 ὑμεῖς.

251 2664 313 2729 Pro
332 2667 541 2752 ⁸nominativo
575 2668 680 2730 tertiae
714 2689 869 2750 personae,
912 2669 940 2730 si
974 2667 1166 2751 significatio
1200 2689 1315 2749 prono-

250 2792 345 2855 minis
380 2792 486 2875 aliquo
520 2792 611 2878 modo
644 2792 810 2875 premitur,
851 2786 940 2861 αὐτός
976 2791 1154 2856 adhibetur.
1213 2785 1313 2860 Αὐτός

251 2918 346 2995 enim,
385 2917 468 3000 quod
504 2939 677 3000 pronomen
712 2917 950 2999 pronominibus
984 2916 1203 2999 personalibus
1239 2937 1315 3001 eog-

249 3044 363 3104 natum
397 3064 465 3104 esse
496 3046 605 3106 censet
628 3042 796 3127 Kriigerus
812 3042 835 3119 2,
873 3043 961 3125 'ipse'
986 3042 1113 3124 proprie
1137 3042 1314 3125 signifieat;

251 3188 322 3249 quae
345 3167 392 3230 vis
416 3171 484 3230 tum
508 3189 634 3250 semper
657 3168 725 3250 ejus
750 3170 808 3244 est,
832 3189 940 3249 quum,
965 3168 1069 3249 ipsum
1090 3168 1158 3229 sine
1183 3157 1316 3228 articulo

253 3291 441 3370 exhibitum,
477 3292 676 3356 substantivo
711 3295 915 3375 conjunctum
951 3294 1008 3354 est.
1056 3289 1144 3365 Quod
1168 3292 1315 3354 substan-

251 3417 353 3480 tivum
393 3440 490 3501 quum
532 3439 705 3500 pronomen
745 3416 922 3500 personale,
966 3419 1020 3479 aut
1063 3416 1179 3478 diserte
1215 3415 1315 3497 serip-

250 3545 319 3604 tum
354 3546 409 3605 aut
442 3542 665 3608 terminatione
702 3542 791 3610 verbi
824 3542 990 3624 praedicati
1025 3540 1210 3617 involutum,
1247 3561 1315 3603 esse

253 3739 465 3746 .---.———-.

362 3859 369 3886 ¹
383 3861 502 3924 thnor,
517 3861 713 3915 Ausftihrliohe
726 3844 903 3921 Grammatik
916 3862 964 3915 der
977 3860 1173 3918 Griechisehen
1186 3859 1316 3927 Spraohe,

250 3951 277 4005 ΙΙ
296 3951 311 4017 ἓ
330 3952 391 4005 454.
412 3952 431 4004 Ι.
454 3953 475 4004 1.
496 3951 626 4005 Anmerk.
643 3953 664 4004 1.

360 4056 370 4084 ²
390 4058 566 4113 Grieehisohe
585 4058 767 4127 Spraehlehre
788 4059 831 4111 ldr
849 4058 977 4112 Sohulen.
1007 4057 1018 4109 I
1038 4056 1053 4122 ἓ
1073 4058 1115 4109 51.
1144 4056 1179 4109 Il:
1199 4057 1223 4107 5.
