3117 4950
662 438 834 503 -3l*

214 619 317 678 ταῦτα’
341 621 408 681 tam
430 617 524 702 longe
548 619 731 700 separatum
754 622 812 696 est,
836 621 871 680 ut
894 639 951 700 pro
975 619 1194 701 conjunctione
1210 644 1277 685 me-

213 743 276 806 lius
299 743 432 808 forsitan
455 743 639 826 accipiatur.

320 866 631 953 Schweighaeuserus
654 869 688 931 in
710 867 813 932 lexico
837 890 892 932 suo
910 869 921 906 ¹
944 863 988 930 τοί
1003 870 1194 953 particulam
1209 871 1277 936 He-

214 994 322 1057 rodoto
345 1016 473 1076 prorsus
498 996 632 1079 abrogat
656 997 688 1057 et
711 1016 750 1057 ex
773 994 864 1058 libris
889 996 957 1078 ejus
973 997 1183 1079 exstirpatum
1199 998 1276 1062 vult.

214 1117 304 1181 Dicit
328 1119 413 1182 enim
435 1119 456 1183 l.
480 1118 513 1198 1.,
548 1113 610 1180 “roi
634 1119 825 1202 particulam
849 1142 1086 1203 nonnumquam
1108 1144 1277 1204 perperam

213 1265 271 1326 pro
305 1237 332 1303 τί
367 1245 504 1327 positam
538 1247 638 1308 esse¹‘.
692 1244 767 1309 Jam
791 1245 884 1308 attuli
908 1246 1070 1324 nonnulla,
1101 1247 1277 1330 dequibus

215 1348 353 1431 dubitari
376 1391 467 1451 posse
491 1370 626 1448 videtur,
652 1370 807 1453 exempla.
855 1369 916 1435 Sed
940 1375 975 1435 ut
999 1393 1083 1435 nunc
1101 1376 1276 1452 contextus

214 1515 308 1576 quem
342 1496 466 1571 vocant,
502 1493 700 1559 Herodoteus
736 1499 784 1558 est
819 1496 1019 1575 constitutus
1055 1497 1140 1561 haud
1167 1499 1277 1581 paucis

213 1618 290 1682 locis
315 1613 358 1679 τοί
381 1642 554 1701 pronomen
578 1642 646 1684 esse
670 1643 731 1684 non
755 1624 869 1703 potest.
916 1621 966 1684 Ex
990 1623 1104 1704 quibus
1128 1624 1183 1705 qui
1208 1645 1276 1687 cer·

213 1742 334 1807 tissime
357 1745 536 1823 ostendunt,
561 1739 605 1806 τοί
629 1732 726 1809 etiam
741 1768 799 1828 pro
819 1747 996 1810 affirmandi
1012 1749 1170 1830 particula
1186 1772 1276 1813 usur·

206 1869 294 1951 pari,
320 1869 414 1953 elegi.

322 1990 350 2053 A
375 1995 428 2058 41.
455 1996 494 2058 10
526 1997 600 2076 πρὸς
624 1995 656 2056 δὲ
681 1997 774 2077 τοὺτῳ
799 1998 852 2057 καὶ
876 2000 909 2058 σέ
934 2018 977 2058 τοι
1001 2003 1090 2082 χρεόν
1115 1996 1178 2059 ἐστι
1200 1993 1276 2061 ἰἑνοιι

215 2115 292 2180 ἔνθα
316 2115 567 2201 ἀπολαμπρὺνεαι
591 2129 653 2190 τοῖς
676 2118 789 2202 ἔργοισι
805 2122 827 2181 ².

321 2239 347 2303 B
373 2245 445 2309 120.
471 2246 490 2308 8
515 2240 541 2306 εἰ
566 2244 598 2306 δὲ
622 2266 667 2307 τοι
692 2293 698 2306 .
725 2294 731 2307 .
758 2293 764 2307 .
790 2254 884 2307 ταῦτα
907 2241 1067 2325 ἐγίνωσκον
1094 2295 1099 2308 .
1128 2296 1134 2309 .
1161 2296 1167 2310 .

321 2366 343 2429 Ζ
368 2371 440 2434 109.
468 2371 506 2433 17
538 2373 591 2431 καὶ
621 2379 682 2440 κῶς
706 2367 738 2441 ἐς
762 2367 795 2432 σέ
820 2393 863 2434 τοι
888 2369 993 2457 ἀνήκει
1017 2382 1072 2434 τῶν
1097 2376 1276 2458 πρηγμάτων

215 2497 247 2557 τὸ
270 2503 361 2576 κῦρος
385 2493 477 2579 ἔχειν,
501 2504 550 2558 νῦν
574 2496 705 2581 ἔρχομαι
729 2500 850 2584 φράσων
865 2500 889 2559 3.

321 2616 349 2681 Η
374 2621 426 2685 15.
452 2621 474 2702 7χ
495 2617 589 2682 οὔκων
614 2621 738 2692 δονατός
760 2644 805 2685 τοι
829 2620 891 2707 εἰμί
915 2632 1008 2685 ταῦτα
1031 2620 1141 2686 ποιέειν
1156 2626 1179 2684 4.

372 2746 444 2810 141.
470 2748 511 2810 22
536 2745 578 2807 ἔτι
602 2742 646 2809 roi
669 2769 739 2810 ποτε
763 2744 884 2818 κάντίος
907 2747 981 2832 ’έοορ
1005 2749 1115 2832 (orac.)

373 2872 445 2935 101.
472 2872 512 2934 12
537 2866 612 2933 οὕτω
636 2871 702 2956 ἔχει
726 2895 769 2935 τοι
794 2871 815 2933 Ζ
840 2876 869 2938 1.
895 2876 931 2951 9;
956 2872 980 2935 0
1005 2876 1079 2939 125.
1105 2875 1162 2938 8⁵.

325 3154 333 3181 ¹
352 3156 408 3211 Sub
427 3174 485 3211 voc.
506 3154 544 3207 τοί
564 3160 592 3212 et
611 3154 673 3210 οὔτι.

324 3242 333 3270 ⁹
353 3245 618 3314 Schweighaeuserus
638 3248 687 3301 sub
707 3264 773 3302 voce
793 3245 910 3302 10111111.
930 3248 1007 3313 dicit,
1030 3250 1201 3313 „naturalem
1215 3268 1276 3304 con-

215 3333 396 3388 structionem
409 3334 482 3388 hanc
495 3334 591 3389 fuisse:
605 3334 684 3405 χροός
697 3353 736 3386 τοι
750 3334 801 3387 ἔστι
813 3336 858 3386 καὶ
871 3338 898 3386 οὲ
912 3333 1005 3401 taust,
1022 3338 1065 3392 ita
1077 3340 1232 3404 ostendens
1248 3359 1276 3394 se

214 3426 321 3491 putare,
341 3420 380 3473 τοί
399 3422 434 3476 ad
454 3423 533 3492 χρεόν
554 3422 605 3474 ἐστι
624 3443 682 3480 esse
700 3426 882 3481 referendum.
920 3426 1042 3481 sedulia
1061 3431 1103 3482 est
1122 3428 1277 3484 inusitatis·

132 3549 141 3566 .
169 3581 172 3586 4
215 3510 286 3565 sima
305 3511 482 3577 constructio,
502 3516 534 3566 ut
552 3530 585 3567 ex
604 3514 737 3583 exemplis
757 3515 793 3568 ab
813 3515 872 3584 ipso
891 3516 941 3569 sub
961 3514 1047 3585 χρεών
1067 3517 1163 3572 allatis
1182 3518 1275 3573 videre

216 3599 290 3655 licet.
329 3601 376 3655 cfr
395 3598 416 3650 Θ
438 3601 497 3655 100.
517 3602 563 3666 38;
585 3604 643 3656 141.
662 3605 687 3656 4.

325 3688 335 3715 ³
357 3690 435 3756 „Wie
454 3708 482 3745 es
501 3692 602 3761 gerade
622 3689 682 3760 (τοί)
703 3693 754 3746 auf
770 3692 834 3746 dich
858 3695 1017 3749 ankommt“
1039 3695 1150 3750 Abicht.
1188 3692 1274 3749 0110

216 3779 250 3833 68
263 3779 291 3847 α)
314 3780 326 3833 1
346 3776 503 3849 Ἀρτεμισίη
523 3776 584 3830 τάδε
604 3777 666 3850 ἔφη·
687 3777 766 3832 εἰπεῖν
786 3799 839 3850 por
858 3784 922 3852 πρὸς
942 3782 1053 3851 βασιλέα
1073 3823 1079 3834 .
1099 3822 1105 3833 .
1126 3822 1131 3834 .

324 3867 409 3934 ⁴„Ar
436 3870 568 3938 profecto,
597 3871 724 3939 quamvis
751 3889 854 3942 magno
887 3891 968 3942 opere
987 3874 1104 3943 cupiam,
1133 3874 1163 3927 id
1185 3874 1275 3928 facere

215 3976 270 4013 non
288 3958 426 4027 possum“.

325 4044 335 4072 ⁵
357 4047 447 4114 „Scito
470 4065 528 4102 rem
551 4049 593 4103 ita
617 4068 646 4104 se
663 4050 796 4114 habere“;
824 4051 884 4105 sine
907 4051 957 4105 illo
980 4048 1019 4102 τοί
1043 4048 1054 4100 1
1078 4053 1102 4104 9.
1123 4054 1146 4116 7,
1166 4052 1215 4105 ubi
1234 4056 1275 4107 ta·

215 4153 279 4191 men
298 4136 350 4202 illi,
370 4137 470 4206 quibus
489 4139 574 4192 verba
593 4139 730 4205 dicuntur,
750 4141 843 4209 plures
862 4145 934 4195 sunt.
