3117 4950
727 1377 820 1442 OAP.
845 1375 902 1443 IV.

406 1541 452 1619 De
479 1539 604 1618 directo
632 1538 863 1637 pronominum
890 1537 1122 1618 reflexivonum
1149 1561 1223 1617 usu.

389 1720 460 1784 Duo
489 1722 563 1783 sunt
592 1741 711 1804 genera
738 1718 959 1802 pronominum
989 1718 1222 1798 reflexivorum,
1246 1742 1345 1783 unum

283 1868 401 1925 eorum,
429 1868 499 1928 quae
524 1846 703 1929 subjectum
727 1846 869 1928 ejusdem
894 1844 1118 1908 enuntiationis
1142 1847 1288 1927 spectant
1311 1849 1345 1908 et

284 1972 404 2035 directe
429 1971 581 2036 reflexiva
606 1974 774 2047 uocantum
800 1970 935 2033 alterum
959 1992 1163 2053 eorumquae
1181 1971 1221 2035 ab
1237 1971 1343 2036 infini-

282 2098 347 2161 tivo
370 2096 422 2160 vel
443 2096 613 2180 participio
636 2095 742 2178 aliquo
762 2098 918 2180 reguntur
933 2095 984 2158 vel
1000 2095 1034 2157 in
1050 2096 1266 2159 enuntiatione
1283 2095 1343 2159 ali-

287 2243 350 2305 qua
374 2222 525 2286 orationis
548 2220 683 2303 obliquae
700 2220 858 2304 pendente
874 2220 1079 2284 inveniuntur·
1094 2224 1188 2304 atque
1205 2222 1343 2299 adeum,

283 2348 372 2430 cujus
414 2369 453 2410 ex
495 2346 598 2411 animo
640 2346 760 2429 aliquid
796 2346 921 2424 dieitur,
956 2346 1153 2410 referuntur:
1189 2346 1343 2410 indirecte

283 2471 447 2537 reflexiva.

390 2561 460 2625 Hoo
486 2563 520 2625 in
543 2562 682 2645 capitulo
707 2563 744 2625 de
768 2583 827 2625 usu
842 2562 1063 2646 pronominum
1080 2562 1199 2626 directe
1216 2562 1343 2625 reflexi-

283 2709 394 2753 vorum
417 2687 567 2751 nonnulla
591 2688 847 2771 disputabuntur.

327 2915 367 2985 A.
413 2919 656 2985 Pronomina
686 2920 894 2984 reflexiva
923 2920 1061 3003 primae
1085 2923 1124 2983 et
1146 2921 1305 2984 seundae

718 3068 910 3128 personae.

389 3189 578 3253 Pronomina
620 3188 772 3252 reflexiva
806 3190 918 3272 primae
954 3192 986 3253 et
1020 3190 1166 3253 secundae
1200 3212 1342 3273 personae

283 3316 367 3397 apud
390 3314 587 3379 Herodotum
609 3313 678 3378 hoec
702 3318 790 3379 sunt:
816 3310 975 3397 ἐμεωυτοῦ,
1001 3322 1140 3387 σεωυτοῦ,
1164 3310 1264 3400 ἡμέων
1289 3310 1343 3376 οω-

283 3447 349 3512 των,
373 3435 469 3522 ὑμέων
494 3434 598 3502 οὔτῶν.

388 3563 434 3627 At
463 3565 515 3629 hic
539 3565 604 3628 illio
628 3566 674 3643 fit,
704 3569 739 3628 ut
762 3587 821 3649 pro
843 3564 994 3630 reflexivo
1017 3566 1183 3650 personale
1207 3569 1343 3649 ponatur

282 3713 464 3774 pronomen,
501 3693 532 3753 et
566 3691 600 3753 in
634 3677 854 3773 conjunctione
889 3692 1067 3769 uerborum,
1103 3713 1173 3774 quae
1210 3695 1258 3755 est
1292 3693 1342 3775 pot

284 3810 379 3876 δοκέω
410 3811 446 3896 (Γ
479 3816 529 3879 63.
557 3815 615 3892 17;
647 3811 748 3879 Εὸθ.
775 3815 817 3897 l),
843 3817 893 3898 μοὶ
917 3810 1061 3902 φαίνομαι
1086 3812 1129 3897 (Α
1155 3817 1228 3880 155.
1254 3815 1287 3899 6)
1311 3820 1343 3880 et

282 3943 351 4003 tum
374 3963 471 4024 quum
494 3940 681 4005 reflexivum
704 3942 875 4004 antecessit
899 3937 936 4023 (Γ
962 3941 1035 4005 142.
1060 3943 1112 4020 20,
1136 3945 1247 4025 postea
1263 3941 1341 4004 alla-

282 4064 363 4147 tum)
387 4067 419 4129 et
443 4065 577 4149 denique
601 4064 669 4130 sine
693 4065 758 4130 ulla
781 4066 935 4152 ejusmodi
960 4087 1063 4131 eausa.
