3117 4950
650 1285 743 1351 CAP.
767 1283 842 1350 VH.

236 1465 396 1546 Addenda
424 1465 618 1563 deformis,
647 1487 720 1565 qua
748 1487 770 1545 a
798 1465 958 1564 stirpibus
986 1464 1150 1545 refleuivis
1178 1468 1258 1544 suut

475 1598 481 1609 x
509 1608 669 1689 ddPintae
694 1622 751 1710 (εὖ,
776 1630 836 1713 μίν,
861 1627 970 1715 σφεῖς).

326 1806 395 1871 Has
411 1807 528 1872 formas
544 1810 699 1892 quemodo
714 1811 832 1872 tractet
843 1807 1011 1886 Homerus
1025 1808 1131 1872 docuit
1143 1808 1246 1872 Gauer
1258 1809 1280 1874 ¹.

217 1930 248 1996 Is
284 1933 379 2012 enirn,
411 1933 603 1997 sententiam
631 1933 826 1997 Windischii
848 1935 996 2017 probans,
1020 1934 1143 2013 statuit,
1166 1935 1279 2017 primi·
1348 1922 1349 1925 Ἴ

216 2059 345 2144 genium
380 2080 488 2122 earum
522 2059 588 2124 vinr
623 2062 655 2123 et
688 2059 957 2145 significationem
987 2081 1055 2124 esse
1080 2060 1180 2144 'ipse'‚
1204 2060 1226 2124 i.
1251 2082 1278 2124 e.

216 2206 279 2247 nun
301 2188 368 2247 tam
391 2205 515 2248 merum
539 2185 627 2269 'ipse'
652 2207 748 2269 quarn
765 2187 836 2270 'ego
851 2186 941 2268 ipse,
960 2187 1005 2248 'tu
1020 2186 1110 2269 ipse',
1128 2186 1165 2248 'is
1182 2185 1277 2268 ipse';

215 2308 306 2372 illam
334 2311 440 2372 autern
472 2310 591 2393 'ipsius'
615 2311 681 2375 vim
703 2311 859 2395 paulatim
883 2311 1059 2389 evanuisse,
1083 2314 1119 2374 ut
1143 2312 1278 2375 eandem

217 2438 312 2519 atque
346 2434 445 2499 latine
477 2437 557 2521 'ega
580 2437 626 2514 tu,
651 2436 688 2500 is'
712 2437 833 2521 majore
857 2437 994 2521 quadam
1016 2436 1049 2500 vi
1072 2437 1277 2520 pronuntiata

214 2561 480 2646 significationem
503 2562 696 2646 acciperent.
742 2560 846 2637 Quare
871 2562 1024 2645 exemplis
1048 2563 1154 2626 altatis
1170 2566 1277 2627 osten·

220 2689 290 2750 tum
322 2687 400 2765 vult,
435 2686 493 2750 has
528 2686 645 2751 formas
674 2710 733 2771 pro
760 2711 949 2772 unaquaque
972 2710 1107 2771 persona
1130 2690 1276 2773 usurpari

215 2810 279 2894 (cui
302 2812 349 2876 rei
372 2811 477 2876 simile
503 2815 551 2876 est
573 2814 657 2897 quod
679 2834 755 2898 pag.
779 2813 821 2875 46
846 2814 940 2877 attuli
957 2814 1161 2897 exemplum).
1199 2815 1275 2879 Mox

215 2940 321 3000 autem
342 2936 400 3001 has
424 2937 541 3001 formas
564 2939 668 3003 tertiae
691 2960 835 3023 personae
858 2940 1004 3023 proprias
1027 2939 1129 3003 factas
1153 2962 1220 3004 esse
1244 2945 1276 3005 et

213 3063 353 3145 primunr
377 3062 538 3142 reflexive‚
562 3086 625 3128 non
640 3064 744 3127 minus
761 3065 881 3127 directe
898 3087 992 3149 quam
1008 3065 1172 3144 indirecte,
1186 3088 1276 3130 usur-

213 3191 318 3270 patas
365 3187 447 3251 Tum
470 3191 503 3252 et
525 3189 619 3274 longe
643 3189 790 3272 plurimis
813 3189 889 3253 locis
914 3188 1138 3274 anaphoricam
1161 3213 1276 3274 prono·

214 3313 308 3375 minis
332 3314 436 3377 tertiae
460 3336 602 3397 personae
625 3313 691 3377 vim
713 3313 763 3377 his
787 3314 896 3377 formis
919 3315 1073 3378 tributam
1097 3337 1175 3380 esse.

321 3437 445 3503 Deinde
462 3425 480 3476 2¹
499 3440 540 3503 ad
564 3442 611 3522 μίν
636 3440 852 3504 accusativum
876 3461 1045 3504 conversus
1069 3440 1157 3520 dicit,
1180 3441 1275 3525 hujus

214 3562 324 3626 formae
348 3585 441 3627 usum
462 3585 592 3647 prorsus
616 3566 750 3628 eundern
774 3586 843 3628 esse
867 3567 962 3652 atque
987 3566 1079 3629 'euni'
1101 3566 1193 3629 latini
1209 3588 1276 3630 ser-

213 3687 325 3767 monis
349 3689 411 3752 nisi
435 3690 518 3773 quud
542 3690 603 3754 duo
626 3690 830 3753 inveniantur
852 3690 923 3762 loci,
947 3690 1062 3774 quibus
1084 3685 1132 3774 μίν
1148 3690 1275 3755 reflexi-

212 3835 285 3877 vam
309 3813 374 3877 vim
396 3812 526 3879 habeat.

322 4025 407 4082 11.1.
427 4046 491 4097 pag.
513 4028 562 4082 149
582 4047 641 4097 sqq.

214 4173 223 4198 0
321 4115 331 4145 ⁹
350 4119 368 4173 l.
388 4118 406 4172 l.
426 4136 511 4190 pagg.
533 4120 583 4173 156
601 4137 660 4189 sqq.
