3117 4950
751 1271 846 1338 cnr.
874 1271 918 1338 11.
954 1258 956 1263 ’

305 1443 350 1521 De
377 1443 496 1522 Dativo
524 1442 652 1521 numeri
680 1441 861 1540 singularis
889 1443 960 1522 11:ae
988 1465 1137 1541 persone
1162 1445 1365 1542 pronominis

738 1602 935 1701 personalis.
1029 1650 1032 1655 -

411 1789 448 1855 Iu
472 1792 585 1855 ceteris
609 1792 733 1856 casibus
757 1791 893 1875 obliquis
917 1793 1138 1875 pronominum
1153 1795 1366 1876 personalium

305 1914 360 1982 1:ae
385 1920 417 1981 et
440 1914 512 1982 Hzae
536 1940 742 2000 personarum
765 1919 891 1983 utendis
915 1917 1095 1982 Herodotus
1112 1942 1131 1981 a
1146 1919 1275 2005 vulgari
1291 1921 1373 1984 atti-¹

305 2065 413 2107 corum
451 2045 639 2126 scriptorum
673 2033 897 2107 consuetudine
932 2043 1013 2106 nihil
1047 2046 1102 2106 aut
1135 2067 1197 2108 non
1232 2046 1367 2108 multum

307 2169 436 2233 recedit.
483 2166 521 2232 In
544 2169 639 2232 tertio
662 2171 769 2231 autern
792 2191 866 2232 casu
881 2170 1005 2232 numeri
1020 2169 1190 2253 singularis
1206 2167 1278 2234 Hzae
1294 2194 1368 2253 per·

305 2317 388 2358 sonae
412 2294 585 2359 similitudo
609 2316 680 2383 oum
703 2293 852 2371 Hemone,
877 2296 917 2358 ab
940 2294 1058 2358 Atticis
1075 2295 1289 2378 discrepantia
1306 2300 1363 2361 est.
1433 2301 1436 2304 ’

304 2419 350 2485 Ut
369 2421 438 2504 jam
461 2420 580 2484 dictum
604 2422 661 2498 est,
685 2419 754 2485 duae
779 2423 811 2484 et
834 2421 919 2504 apud
941 2419 1116 2485 Homerum
1139 2423 1171 2484 et
1195 2422 1279 2505 apud
1295 2422 1363 2486 He·

305 2548 449 2611 rodotum
471 2548 580 2611 formae
604 2547 699 2632 hujus
724 2558 815 2610 casus
839 2549 886 2607 ool
910 2550 942 2609 et
965 2550 1009 2609 roi
1032 2548 1246 2612 inveniuntur.
1285 2548 1365 2613 Haec

305 2695 430 2756 semper
464 2673 610 2736 enclitica
644 2673 781 2737 habetur
816 2676 848 2736 et
882 2673 1028 2737 enclitioe
1059 2674 1225 2750 scribitur;
1262 2677 1294 2738 et
1317 2676 1364 2735 σοί

305 2798 439 2862 formam
461 2821 586 2882 semper
617 2821 684 2862 esse
708 2799 937 2864 orthotonicam
967 2801 1156 2863 contendere
1181 2800 1366 2863 existiman·

306 2924 364 2987 dus
388 2927 436 2986 est
458 2922 639 3004 Abichtius‚
673 2925 780 2988 dicens
794 2925 815 3002 ¹,
852 2925 995 2988 dativum
1019 2925 1054 2985 ot
1078 2925 1272 3007 pronominis
1298 2947 1366 2988 esse

312 3044 369 3128 ool,
404 3050 438 3112 in
473 3049 582 3113 enolisi
618 3071 672 3113 τοι.
735 3049 795 3113 His
831 3073 870 3113 ex
904 3051 1010 3113 verbis
1041 3052 1113 3133 jure
1146 3050 1239 3113 credo
1263 3049 1371 3135 colligi

310 3197 413 3258 posse,
438 3197 510 3238 eum
541 3176 644 3238 dicere
668 3175 760 3254 velle,
786 3178 832 3236 σοί
855 3176 916 3238 nisi
940 3179 1030 3239 extra
1054 3175 1185 3238 enclisin
1201 3198 1263 3239 non
1278 3198 1369 3238 usur-

305 3300 386 3382 pari.
433 3298 494 3363 Sed
523 3304 632 3363 tamen
663 3304 736 3364 sunt
758 3300 819 3364 loci
843 3300 928 3363 haud
950 3301 1113 3383 perpauci,
1146 3301 1201 3364 ubi
1225 3302 1272 3361 ool
1294 3320 1368 3383 pro-

305 3446 420 3488 nomen
444 3428 576 3488 accentu
599 3425 720 3507 privat;
754 3428 787 3488 at
811 3424 951 3488 Sicinius
975 3425 1057 3489 hanc
1081 3426 1217 3489 formam
1240 3448 1365 3508 semper

306 3552 401 3615 acuit.

412 3674 492 3741 Sunt
515 3679 631 3755 autem,
655 3680 809 3759 quantum
832 3677 950 3756 inveni,
975 3676 1009 3740 hi
1025 3675 1095 3755 loci,
1120 3676 1234 3760 quibus
1251 3698 1363 3740 accen-

305 3805 357 3867 tus
381 3802 519 3885 ponendi
542 3802 664 3866 ratione
688 3801 835 3867 Abichtii
858 3825 932 3867 usus
956 3825 1036 3867 sum.

325 4025 328 4030 ’
416 4042 436 4112 ¹)
455 4044 691 4100 sepenumero.
711 4044 726 4111 s
745 4046 761 4098 5
780 4046 793 4098 1
813 4044 849 4112 5).
