3117 4950
1072 385 1486 455 “-79-

459 569 712 636 Αῦτοῦ
761 593 835 634 τε
884 568 1069 656 ἐμεῦ
1119 566 1314 634 1138.
1351 571 1467 648 133
1519 564 1719 651 αὐτῷ
1754 565 1805 628 δ’
1840 560 2013 650 ἐμοί
2048 560 2103 626 Η
2130 564 2235 629 28.
2263 564 2374 639 11;

257 696 482 763 αὐτὸν
532 697 584 761 δ’
632 696 761 782 ἐμὲ
809 694 858 759 e
909 697 1056 762 101.
1107 696 1239 760 151
1304 679 1317 691 '

462 819 683 906 Αὐτῷ
740 844 897 886 oon:
957 825 1064 884 καὶ
1114 819 1230 901 ἐγὼ
1281 869 1296 884 .
1349 873 1362 885 .
1415 869 1427 882 .
1480 826 1631 906 μήτε
1675 820 1936 901 θυγατρὶ
1984 825 2055 901 τῇ
2104 824 2180 900 σῇ
2229 818 2378 899 μήτε

254 946 412 1034 αὐτῷ
461 917 556 1012 oon
604 945 903 1035 αὐθέντης
950 946 1077 1033 εἴην
1125 947 1184 1012 Α
1237 948 1384 1014 117.
1436 949 1549 1021 12;
1602 942 1828 1008 αὐτόν
1878 967 1958 1007 σε
2006 943 2065 1008 Α
2116 944 2221 1007 11.
2273 941 2378 1003 11.

463 1070 716 1137 Αὐτὸν
766 1071 843 1137 δέ
892 1096 971 1136 σε
1021 1069 1073 1135 Β
1121 1074 1270 1138 115.
1322 1073 1439 1163 253
1496 1069 1544 1134 Γ
1596 1073 1745 1156 145.
1797 1072 1913 1150 17;
1964 1064 2191 1131 αὐτὸν
2241 1061 2377 1149 μέν

253 1222 334 1263 σε
383 1198 433 1263 Θ
476 1190 631 1266 102.
679 1201 720 1264 4

462 1322 682 1408 Αὐτῷ
730 1321 798 1388 οἱ
846 1323 1086 1409 ἄμεινον
1135 1321 1199 1394 ἐς
1245 1328 1461 1408 χρόνον
1510 1322 1679 1386 ἔσται
1728 1322 1775 1386 Γ
1826 1326 1930 1391 72.
1979 1327 2112 1391 262

465 1448 692 1534 Ἐμεῦ
744 1497 758 1511 .
810 1497 822 1510 .
876 1496 890 1510 .
941 1444 1209 1514 αὐτοῦς
1260 1451 1331 1511 σί)
1379 1471 1476 1513 νῦν
1525 1447 1633 1534 ἐμὲ
1681 1447 2016 1534 ἐκκομίσας
2064 1447 2238 1515 αὐτὸν
2270 1452 2378 1515 καὶ

252 1580 561 1661 χρήματα,
633 1577 707 1636 τὰ
778 1579 883 1659 μὲν
955 1570 1143 1638 αὐτῶν
1215 1570 1395 1645 αὐτὸς
1452 1574 1559 1660 ἔχε
1610 1572 1657 1637 Γ
1710 1578 1856 1641 122.
1910 1578 2025 1656 19;
2075 1573 2132 1637 Η
2179 1579 2286 1643 39.
2335 1581 2373 1642 2

252 1697 424 1784 (ἐμεῦ
475 1704 946 1785 στρατευομένου
996 1695 1222 1784 αὐτοῦ).

466 1822 608 1888 Σέο
659 1879 673 1892 .
724 1872 738 1886 .
791 1873 805 1886 .
856 1820 1118 1887 αὖτοῦε
1168 1829 1244 1888 τά
1290 1848 1356 1888 σε
1405 1829 1511 1888 καὶ
1558 1828 1753 1889 πάλαι
1800 1827 1990 1889 δοκέω
2038 1831 2233 1890 πάντα
2274 1820 2377 1891 έκ-

252 1947 703 2037 μεμαθηκέναι,
755 1947 858 2013 σέο
906 1973 966 2013 τε
1017 1946 1196 2013 αὐτοῦ
1245 1955 1380 2034 πέρι
1428 1948 1510 2022 ὡς
1557 1950 1846 2038 ἐπρήχθη
1894 1952 1953 2017 Α
2007 1954 2152 2019 124.
2203 1955 2291 2018 9²³

466 2197 752 2265 Αὐτῶν,
799 2199 1083 2288 ἡμέων,
1155 2198 1480 2286 ῦμέων4ε
1551 2206 1658 2288 ’καὶ
1729 2198 1960 2265 αὐτοῖσι
2027 2201 2168 2291 ἡμῖν
2240 2203 2382 2288 περὶ

250 2327 491 2390 πολλοῦ
562 2325 688 2389 ἐστι
755 2328 1220 2410 κατορθοῦσθαι
1291 2324 1487 2413 ἀρχὴν
1548 2331 1653 2414 την
1701 2333 1809 2414 σήν
1857 2328 1917 2392 Α
1969 2331 2117 2395 120.
2165 2331 2280 2408 24;
2329 2326 2381 2390 Ε

251 2454 360 2520 49.
419 2454 541 2532 10;
591 2449 649 2514 Η
698 2454 735 2518 8
785 2452 851 2537 α)
901 2454 972 2531 6;
1023 2450 1202 2519 146.
1253 2454 1356 2519 15.

476 2785 492 2812 ¹
529 2787 620 2841 Ita
673 2786 854 2856 primo
909 2781 1031 2841 loco
1072 2786 1144 2853 (H
1183 2786 1266 2841 38.
1310 2785 1396 2854 13)
1437 2790 1494 2842 et
1530 2785 1827 2842 Abiohtius
1865 2791 1923 2842 et
1960 2786 2230 2854 Steinius3
2287 2787 2382 2843 hio

251 2882 447 2933 autem
508 2876 745 2931 seeundo
784 2879 842 2931 et
886 2876 1055 2931 tertio
1093 2876 1214 2931 loco
1253 2894 1376 2931 cum
1415 2878 1673 2931 omnibus
1710 2881 1775 2932 ut
1812 2876 2034 2932 videtur
2070 2877 2231 2932 libris
2267 2879 2381 2932 MS.

251 2964 397 3036 αὐτῷ
440 2963 493 3016 δέ
535 2983 641 3035 μοι,
679 2962 833 3016 αὐτὸν
875 2961 929 3015 δέ
970 2982 1033 3035 με
1073 2965 1314 3021 exhibet.
1391 2966 1737 3035 Quamquam
1777 2966 1924 3035 quod
1960 2967 2151 3022 docuit
2175 2968 2383 3037 Kriige-

252 3075 344 3111 rus
391 3056 439 3123 (I
479 3055 509 3121 ἓ
547 3056 631 3110 51.
673 3056 720 3109 2.
760 3056 921 3109 Anm.
961 3056 1015 3124 8)
1056 3051 1209 3106 αὐτὸν
1251 3054 1364 3125 ἐμέ
1404 3074 1527 3111 raro
1565 3055 1835 3125 usurpari,
1874 3074 1987 3111 non
2011 3074 2170 3127 neg0‚
2209 3056 2381 3111 immo

252 3164 401 3211 vern,
460 3145 506 3199 si
558 3146 718 3199 nulla,
753 3144 1033 3214 particula
1070 3144 1381 3211 intercedit,
1429 3146 1820 3215 valdeprobo,
1860 3148 2065 3211 tamen,
2106 3145 2153 3199 si
2190 3149 2256 3200 ut
2291 3144 2383 3200 hie

251 3235 493 3306 parvula
528 3234 808 3304 particula
832 3234 1165 3305 interposita
1191 3237 1289 3300 est,
1317 3234 1498 3304 magis
1525 3238 1956 3291 consentaneum
1983 3235 2124 3290 mihi
2144 3236 2380 3302 videtur,

254 3342 562 3395 pronomen
588 3325 770 3394 ipsum
797 3342 965 3393 quam
991 3324 1136 3378 hano
1161 3325 1417 3379 voculam
1437 3325 1838 3394 pronuntiandi
1856 3324 1915 3379 vi
1932 3324 2230 3395 praeditum
2250 3344 2381 3380 esse.

256 3416 438 3481 Quare
474 3415 621 3484 quod
659 3413 801 3484 legit
837 3412 1132 3468 Abiehtius
1170 3414 1507 3482 sequendum
1546 3418 1605 3469 et
1641 3414 1839 3470 melius
1872 3414 2080 3482 judico·

478 3521 498 3549 ⁹
552 3523 1084 3592 Schweighaeusems
1150 3511 1203 3571 οἷ
1264 3521 1446 3576 delere
1501 3522 1641 3585 vult,
1700 3521 1937 3577 fortasse
1991 3540 2103 3576 non
2157 3521 2381 3590 injuria,

257 3631 430 3682 quum
467 3612 538 3666 ad
578 3612 717 3682 'ipsi'
758 3611 844 3679 (=
885 3613 1090 3667 honom
1128 3611 1283 3679 sjalf)
1323 3610 1750 3680 significandum
1787 3612 1907 3665 haee
1944 3612 2051 3665 duo
2090 3611 2384 3679 conjuncte

260 3702 471 3772 scripta
507 3701 617 3755 nisi
653 3703 758 3755 hoc
793 3702 916 3756 loco
954 3719 1065 3755 non
1102 3700 1478 3756 inveniantur.

478 3807 499 3834 ³
534 3809 661 3863 Nisi
698 3808 821 3877 quis
858 3808 1139 3878 prolepsin
1178 3811 1423 3863 statuere
1459 3810 1517 3864 et
1555 3805 1644 3859 σέο
1683 3826 1737 3858 τε
1776 3804 1935 3858 αὐτοῦ
1974 3806 2088 3875 πέρι
2124 3826 2223 3877 pro
2259 3825 2381 3879 pro·

262 3898 486 3954 nomine
524 3898 733 3953 directe
770 3897 1029 3953 reflexivo
1067 3897 1316 3967 accipere
1354 3898 1503 3963 vult3
1544 3898 1628 3951 cfr
1666 3896 1746 3948 σοὶ
1784 3893 1926 3964 αὐτῷ
1964 3915 2093 3965 pag.
2132 3898 2217 3950 45.

479 4006 500 4033 ⁴
537 4008 617 4063 De
656 4003 854 4057 αὐτοῖσι
889 4004 1022 4075 ἡμῖν
1062 4003 1106 4056 Ε
1143 4006 1228 4060 91.
1272 4006 1338 4059 12
1375 4005 1522 4060 vices
1561 4005 1770 4060 directe
1803 4003 2053 4059 reflexivi
2078 4002 2385 4058 sustinente

264 4096 390 4151 vide
424 4115 552 4167 pag.
590 4098 676 4151 45.
