3117 4950
670 380 673 386 ’
776 348 948 456 -is-

329 574 444 640 solisne
474 573 751 637 terminationibus
781 573 950 636 verborum
972 572 1217 654 praedicatorum
1240 573 1316 636 satis
1341 573 1394 636 di-

329 700 435 764 lucide
455 702 528 763 ante
545 699 650 763 oculos
665 697 804 783 legentis
819 697 904 780 poni,
928 721 969 761 an
985 698 1222 779 pronominibus
1237 720 1394 782 persona-

329 826 415 890 libus
436 846 559 908 quoque
584 844 679 909 egere
702 823 848 886 videatur
867 822 1023 904 scriptori,
1047 822 1111 888 levi
1126 824 1261 887 confinio
1277 825 1393 887 distin-

329 951 449 1036 guitur.
494 948 564 1013 Hoc
588 949 672 1032 apud
695 950 838 1011 nostrum
860 947 979 1030 passim
1002 947 1048 1011 fit.
1095 946 1198 1021 Quum
1221 949 1306 1012 enim
1329 950 1392 1013 ali-

329 1077 400 1161 quis
435 1076 542 1139 dicens
576 1073 745 1152 inducitur,
781 1069 839 1150 ἐγώ
870 1076 941 1154 post
964 1072 1129 1156 epitheton
1151 1096 1235 1158 saepe
1259 1074 1390 1158 legitur,

329 1203 489 1266 interdum
512 1203 619 1263 autem
641 1201 709 1262 tum
733 1198 839 1276 etiam,
870 1220 967 1281 quum
990 1197 1154 1281 epitheton
1177 1221 1239 1262 non
1262 1204 1391 1264 antece-

331 1328 387 1391 dit.
408 1396 414 1407 ,
434 1324 515 1389 Item
538 1346 710 1409 pronomen
733 1325 879 1388 secundae
902 1346 1045 1407 personae
1069 1324 1103 1386 in
1119 1325 1294 1403 sententiis
1318 1328 1390 1409 qui-

331 1454 390 1516 bus
414 1451 534 1534 aliquid
557 1472 626 1514 esse
651 1450 843 1514 enuntiatur.

436 1572 477 1641 Σίν
501 1576 586 1639 haud
609 1575 703 1638 aliter
725 1575 913 1658 imperativo
936 1595 1059 1658 quoque
1076 1597 1160 1657 saepe
1178 1576 1391 1659 antepositum

332 1706 389 1780 est,
425 1723 488 1785 qua
522 1723 555 1764 re
591 1701 660 1783 ipsa
691 1700 869 1765 adhortatio
902 1698 1120 1764 vehementior
1154 1701 1224 1764 fieri
1254 1701 1390 1767 videtur.

332 1827 421 1903 Quod
443 1827 480 1890 fit
503 1848 601 1910 quum
624 1825 702 1889 alias
725 1828 794 1889 tum
817 1825 902 1889 haud
925 1847 997 1889 raro
1019 1826 1059 1889 iis
1082 1826 1168 1904 locis,
1193 1825 1248 1889 ubi
1264 1826 1390 1909 aliquis,

332 1975 429 2037 quum
451 1973 558 2017 rerum
581 1954 699 2014 statum
722 1951 877 2034 exposuit,
903 1952 942 2014 ad
958 1951 1207 2015 cohortationem
1223 1972 1391 2014 conversus
1520 1988 1522 1997 ι

332 2079 377 2142 sic
412 2077 576 2142 exordiens
611 2076 787 2141 inducitur:
823 2076 859 2137 ct
889 2071 938 2149 ὧν,
969 2084 1027 2147 νῦν,
1059 2077 1117 2148 νῦν,
1149 2078 1242 2163 τοὶννν
1260 2058 1284 2136 ¹.¹
1338 2075 1392 2139 Fit

334 2207 440 2268 autem
463 2203 560 2267 etiam
582 2202 616 2265 in
638 2202 742 2285 prima
765 2202 905 2266 oratione
922 2202 944 2265 ².

437 2327 560 2392 Praeter
593 2326 651 2390 has
685 2327 859 2410 particulas
894 2322 926 2387 δέ
958 2327 1138 2410 conjunctio
1161 2326 1196 2387 cd
1219 2348 1391 2410 pronomen

333 2453 545 2537 subsequitur,
577 2474 661 2536 saepe
685 2453 718 2516 in
742 2453 879 2536 apodosi,
911 2455 946 2515 ut
969 2424 1041 2516 eum
1063 2451 1163 2516 latino
1187 2455 1281 2516 'vero'
1305 2455 1391 2517 reete

334 2578 471 2643 conferri
495 2580 631 2658 credam,
656 2601 740 2662 saepe
764 2580 820 2657 ita,
845 2582 880 2642 ut
904 2579 943 2642 ab
960 2601 1017 2642 usu
1033 2579 1159 2663 vulgari
1175 2601 1237 2642 non
1254 2579 1392 2643 recedat.

439 2704 596 2788 Exempla
630 2704 723 2768 attuli
756 2715 859 2787 neq‘ue
890 2725 942 2768 eos
965 2704 1059 2783 locos,
1094 2704 1149 2768 ubi
1173 2705 1208 2764 cd
1231 2704 1265 2767 in
1287 2704 1392 2787 prima

333 2830 474 2894 oratione
502 2829 640 2913 positum
670 2832 728 2908 est,
758 2831 799 2894 ab
823 2830 871 2908 iis,
887 2830 950 2926 ,Ubi
974 2830 1007 2892 in
1030 2829 1134 2892 media
1157 2828 1261 2893 locum
1283 2829 1391 2909 habet,

334 2956 488 3038 separavi.

439 3077 605 3164 Ἄδρηστε,
637 3076 695 3157 ἐγώ
726 3100 759 3140 σε
792 3087 931 3164 συμφορῇ
960 3074 1168 3163 πεπληγμένον
1198 3078 1292 3163 ἄχαρι
1319 3127 1325 3140 .
1352 3126 1358 3140 .
1385 3126 1391 3140 .

335 3206 476 3290 ἐκάθηρα
500 3204 654 3282 Α41.3;
679 3200 808 3269 Γ42.5
833 3199 1204 3286 (ὦβασιλεῠ,ἐγὼ...);
1229 3201 1323 3270 Ε24.
1340 3207 1392 3271 12.

440 3326 550 3403 ὦπαῖ,
575 3334 608 3391 σὲ
633 3331 689 3411 γὰρ
713 3327 771 3407 ἐγὼ
796 3375 803 3389 .
829 3376 836 3389 .
862 3375 869 3390 .
893 3324 1013 3412 ἠδίκεον
1036 3327 1066 3391 Α
1092 3330 1165 3394 121.
1190 3332 1219 3394 2.

440 3453 499 3534 ἐγὼ
533 3456 640 3540 ταὺτην
671 3450 770 3516 norea
802 3457 854 3538 μὲν
886 3449 1006 3524 οὐδενὸς
1036 3459 1203 3539 χρήματος,
1228 3453 1333 3538 δίδωμι
1359 3453 1392 3549 ht

336 3577 438 3650 ἄλλως
468 3576 672 3658 F139.15;
709 3576 842 3645 {aas
881 3574 918 3662 (ὦ
956 3577 1201 3662 Λακεδαιμόνιοι,
1240 3575 1325 3662 ὑμεῖς
1356 3578 1392 3664 δὴ

335 3704 465 3784 λέγεσθε
490 3752 497 3765 .
523 3751 530 3764 .
556 3705 578 3787 .)

445 3986 495 4039 ῙΘ
526 3990 584 4044 101.
612 3989 699 4043 9-20
728 3988 768 4057 (ch
797 3983 833 4039 ὦν
862 3987 921 4057 ἐμοὶ
940 4026 946 4038 .
966 4026 972 4037 .
992 3988 1020 4056 .);
1048 3989 1061 4041 Ι
1089 3988 1125 4042 78
1151 4006 1168 4042 a
1195 3988 1237 4041 lin
1260 3991 1286 4042 4.

445 4076 454 4104 q
473 4076 494 4129 Γ
514 4079 555 4133 35.
575 4079 592 4132 2
611 4076 651 4147 (cd
671 4096 714 4130 νυν
734 4076 807 4148 μάθε
827 4116 834 4128 .
854 4116 860 4128 .
881 4077 907 4146 ).
