3117 4950
774 421 947 486 ..20-

433 599 462 666 d.
510 599 544 665 Si
561 602 631 665 duae
648 602 881 665 enuntiationes
897 602 944 665 ita
960 603 1136 685 conjunotae
1154 605 1237 681 sunt,
1256 606 1290 667 ut
1306 603 1390 666 anti-

326 727 432 789 thesin
455 726 602 805 efficiant,
626 727 763 791 maxime
787 728 814 790 si
837 727 939 791 altera
962 749 1071 791 earum
1089 728 1204 791 dicitur
1221 751 1288 792 esse
1305 730 1391 812 quod

326 853 505 936 subjeetum
539 853 703 936 utriusque
739 852 964 916 enuntiationis
999 875 1164 916 commune
1196 877 1258 917 non
1282 855 1390 935 faeiat,

327 977 427 1041 alteri
458 978 533 1061 quid
568 978 665 1041 faciat
700 979 878 1060 exponitur,
913 981 982 1041 tum
1016 979 1048 1041 in
1083 977 1143 1041 hac
1174 979 1389 1043 enuntiatione

325 1104 428 1185 prima
469 1104 656 1187 subjectum,
692 1104 775 1186 quod
810 1099 842 1164 δέ
875 1103 1032 1186 particula
1072 1105 1284 1188 subsequitur,
1327 1106 1387 1168 ite-

326 1234 424 1309 ratur,
461 1233 495 1294 ut
523 1230 681 1312 particula
711 1230 910 1294 adversativa
933 1229 988 1312 (ε
1013 1252 1095 1307 men,
1124 1230 1214 1311 utan)
1245 1230 1387 1294 suethioe

326 1357 360 1418 in
384 1356 543 1419 reddendo
565 1356 753 1419 vertendum
777 1356 829 1420 sit.
853 1353 1003 1438 Inprimis
1027 1352 1042 1417 ὁ
1067 1351 1110 1425 δέ,
1133 1351 1152 1440 ἡ
1178 1351 1220 1428 δέ,
1245 1351 1272 1417 οἱ
1296 1351 1328 1416 δέ
1344 1355 1391 1418 ita

197 1548 199 1552 ,
327 1484 530 1563 usurpantur.

433 1601 641 1691 Σπαρτιητέων
666 1605 724 1687 γὰρ
748 1599 847 1675 οὐδεὶς
870 1608 1046 1690 πεπείρηται
1071 1602 1193 1690 Μηδων,
1218 1602 1333 1695 ἡμεῖς
1350 1603 1389 1666 δὲ

327 1727 462 1794 Βοιωτῶν
499 1733 552 1792 καὶ
581 1729 743 1792 Θεσσαλῶν
776 1728 912 1814 ἐμπειροί
936 1725 1018 1813 εἰμεν
1042 1731 1097 1813 (=
1122 1754 1213 1795 nemo
1236 1731 1388 1795 Lacedae-

326 1858 503 1921 moniorum
537 1856 714 1940 perieulum
747 1855 914 1920 Medorum
944 1856 1030 1934 fecit,
1065 1857 1120 1919 sed
1144 1855 1333 1921 Boeotorum
1356 1860 1390 1919 et

327 1980 550 2046 Thessalorum
572 1982 724 2045 virtutem
746 1981 971 2066 cognovimus’3
996 1983 1140 2065 subjecta
1160 1982 1390 2046 sententiarum

328 2108 469 2170 etsiamsi
498 2108 614 2189 specie,
645 2110 786 2170 attamen
816 2129 878 2170 non
902 2129 935 2169 re
959 2110 1034 2170 sunt
1057 2106 1195 2189 diversa)
1219 2105 1235 2169 I
1258 2108 1311 2172 46.
1337 2108 1388 2172 10.

328 2232 426 2296 Aliud
456 2233 637 2316 exemplum
667 2233 809 2316 ejusdem
839 2233 905 2296 fere
936 2233 1062 2318 generis
1085 2232 1144 2297 hoe
1168 2236 1231 2297 est:
1263 2241 1389 2310 γυναῖκα

328 2361 381 2441 μὲν
405 2358 647 2442 retinuisti&
671 2361 816 2442 χρήματα
839 2353 919 2418 otior
943 2361 1064 2442 προήσω
1088 2354 1274 2435 ἀπάγεσθαι,
1303 2353 1387 2419 ἀλλ’

306 2468 404 2545 ἀὐτοὶ
427 2482 499 2562 ἐγὼ
523 2493 562 2565 τῷ
585 2481 717 2568 Ἕλληνι
740 2484 824 2564 ξείνῳ
849 2482 971 2569 φυλάξω
994 2479 1019 2543 Β
1044 2485 1117 2548 115.
1142 2485 1194 2548 23.
1262 2479 1265 2483 ’

433 2617 526 2670 ταῦτα
566 2604 607 2679 ὡς
649 2604 869 2692 ἀπενειχθέντα
909 2606 1042 2694 ἤκουσαν
1078 2604 1105 2670 οἱ
1140 2605 1387 2691 Λακεδαιμόνιοι,

328 2730 488 2816 Ἀρκάδων
512 2737 565 2816 μὲν
590 2743 644 2796 τῶν
669 2732 769 2796 ἄλλων
794 2730 964 2818 ἀπείχοντο,
989 2730 1024 2795 οἱ
1048 2734 1086 2795 δὲ
1111 2781 1117 2794 .
1145 2782 1151 2795 .
1178 2781 1184 2794 .
1210 2731 1257 2796 ἐπὶ
1274 2729 1389 2820 Τεγεη-

328 2881 381 2930 τας
412 2856 621 2941 ἐστρατεὺοντο
644 2856 674 2920 Ἀ
700 2861 750 2923 66.
778 2860 829 2937 15;
857 2860 930 2925 107.
957 2862 1008 2937 12;
1035 2861 1108 2924 171.
1134 2860 1163 2937 8;
1190 2860 1263 2924 196.
1289 2861 1340 2938 16;
1365 2856 1388 2920 Γ

330 2986 402 3049 126.
428 2985 457 3063 7;
482 2980 507 3044 Ε
532 2985 583 3049 35.
610 2986 661 3062 12;
695 2986 768 3049 120.
794 2986 824 3062 4;
850 2981 871 3044 Ζ
896 2985 969 3049 133.
996 2986 1046 3061 13;
1071 2980 1100 3044 Η
1125 2985 1176 3050 13.
1202 2987 1231 3062 3;
1258 2987 1331 3050 125.
1357 2987 1386 3064 5;

330 3107 402 3174 103.
428 3111 457 3187 5;
483 3110 557 3174 218.
583 3111 633 3187 18;
665 3106 766 3174 040.
793 3110 844 3187 19;
876 3105 888 3169 I
914 3110 965 3173 52:
992 3111 1020 3188 73
1047 3111 1120 3174 108.
1147 3111 1197 3188 153
1230 3112 1303 3175 110.
1328 3111 1387 3176 3¹.

433 3231 515 3298 Item
531 3235 564 3298 in
581 3234 856 3299 adhortationibus
873 3234 1059 3298 antithetice
1076 3236 1229 3315 formatis,
1254 3258 1388 3319 quarum

329 3360 429 3424 altera
452 3360 485 3423 id
508 3361 658 3439 continet,
689 3361 772 3443 quod
795 3361 822 3424 is
846 3360 901 3443 qui
923 3359 1063 3443 loquitur
1086 3383 1148 3425 non
1171 3383 1239 3424 esse
1262 3360 1313 3424 vel
1337 3362 1387 3424 fu·

327 3488 435 3548 turum
465 3507 532 3549 esse
564 3488 681 3569 sperat,
717 3486 818 3550 altera
849 3489 955 3550 autem
978 3486 1020 3564 id,
1056 3488 1139 3570 quod
1162 3487 1229 3550 veri
1252 3486 1386 3550 similius

327 3611 378 3675 vel
407 3611 578 3693 optabilius
609 3613 638 3675 ei
661 3611 797 3691 videtur,
827 3612 862 3672 oo
887 3615 959 3675 ante
982 3611 1066 3675 hunc
1089 3612 1314 3695 imperativum
1336 3612 1387 3677 vel

327 3736 454 3798 modum
476 3757 534 3818 pro
557 3736 744 3818 imperativo
767 3740 954 3819 usurpatum
978 3737 1104 3801 additur
1127 3737 1296 3801 interdum.

328 3949 529 4013 enuntiatione,
558 3967 619 4018 quae
647 3948 748 4018 incipit
772 3949 899 4005 averbis
919 3947 998 4000 ἐπεὰν
1023 3947 1088 4019 ὲηώς
1117 3967 1206 4017 neque
1229 3948 1282 4019 ἐγώ
1300 3950 1387 4006 habet

329 4039 402 4107 quod
421 4043 586 4109 opponatur.

438 4128 512 4183 ¹cfr
530 4129 616 4184 Stein.
635 4129 671 4183 ad
689 4125 715 4178 A
737 4130 777 4183 17.
797 4131 821 4184 9.
